[
  {
    "id": 1,
    "productId": 27,
    "productName": "Hydrating Face Serum 250ml",
    "category": "Skincare",
    "date": "2025-09-18",
    "unitsSold": 3,
    "costPrice": 491,
    "salePrice": 666,
    "totalRevenue": 1998,
    "totalCost": 1473,
    "profit": 525
  },
  {
    "id": 2,
    "productId": 155,
    "productName": "Contour Stick 100ml",
    "category": "Cosmetics",
    "date": "2025-08-11",
    "unitsSold": 1,
    "costPrice": 453,
    "salePrice": 666,
    "totalRevenue": 666,
    "totalCost": 453,
    "profit": 213
  },
  {
    "id": 3,
    "productId": 56,
    "productName": "Vitamin C Face Wash 1L",
    "category": "Skincare",
    "date": "2025-08-06",
    "unitsSold": 7,
    "costPrice": 749,
    "salePrice": 1005,
    "totalRevenue": 7035,
    "totalCost": 5243,
    "profit": 1792
  },
  {
    "id": 4,
    "productId": 85,
    "productName": "Gentle Toner 500ml",
    "category": "Skincare",
    "date": "2025-08-31",
    "unitsSold": 5,
    "costPrice": 498,
    "salePrice": 692,
    "totalRevenue": 3460,
    "totalCost": 2490,
    "profit": 970
  },
  {
    "id": 5,
    "productId": 20,
    "productName": "Face Oil 30ml",
    "category": "Skincare",
    "date": "2025-09-27",
    "unitsSold": 6,
    "costPrice": 550,
    "salePrice": 710,
    "totalRevenue": 4260,
    "totalCost": 3300,
    "profit": 960
  },
  {
    "id": 6,
    "productId": 51,
    "productName": "Oil-Free Moisturizer 30ml",
    "category": "Skincare",
    "date": "2025-10-04",
    "unitsSold": 10,
    "costPrice": 387,
    "salePrice": 506,
    "totalRevenue": 5060,
    "totalCost": 3870,
    "profit": 1190
  },
  {
    "id": 7,
    "productId": 123,
    "productName": "Blush Powder 1L",
    "category": "Cosmetics",
    "date": "2025-10-31",
    "unitsSold": 2,
    "costPrice": 604,
    "salePrice": 887,
    "totalRevenue": 1774,
    "totalCost": 1208,
    "profit": 566
  },
  {
    "id": 8,
    "productId": 24,
    "productName": "Clay Mask 50ml",
    "category": "Skincare",
    "date": "2025-08-06",
    "unitsSold": 8,
    "costPrice": 168,
    "salePrice": 226,
    "totalRevenue": 1808,
    "totalCost": 1344,
    "profit": 464
  },
  {
    "id": 9,
    "productId": 172,
    "productName": "Anti-Dandruff Shampoo 250ml",
    "category": "Haircare",
    "date": "2025-08-04",
    "unitsSold": 9,
    "costPrice": 497,
    "salePrice": 634,
    "totalRevenue": 5706,
    "totalCost": 4473,
    "profit": 1233
  },
  {
    "id": 10,
    "productId": 2,
    "productName": "Charcoal Face Mask 200ml",
    "category": "Skincare",
    "date": "2025-08-24",
    "unitsSold": 4,
    "costPrice": 307,
    "salePrice": 440,
    "totalRevenue": 1760,
    "totalCost": 1228,
    "profit": 532
  },
  {
    "id": 11,
    "productId": 113,
    "productName": "Eyeshadow Palette 250ml",
    "category": "Cosmetics",
    "date": "2025-08-13",
    "unitsSold": 2,
    "costPrice": 299,
    "salePrice": 405,
    "totalRevenue": 810,
    "totalCost": 598,
    "profit": 212
  },
  {
    "id": 12,
    "productId": 123,
    "productName": "Blush Powder 1L",
    "category": "Cosmetics",
    "date": "2025-08-23",
    "unitsSold": 8,
    "costPrice": 604,
    "salePrice": 887,
    "totalRevenue": 7096,
    "totalCost": 4832,
    "profit": 2264
  },
  {
    "id": 13,
    "productId": 187,
    "productName": "Hair Detangler Spray 500ml",
    "category": "Haircare",
    "date": "2025-09-14",
    "unitsSold": 8,
    "costPrice": 583,
    "salePrice": 758,
    "totalRevenue": 6064,
    "totalCost": 4664,
    "profit": 1400
  },
  {
    "id": 14,
    "productId": 27,
    "productName": "Hydrating Face Serum 250ml",
    "category": "Skincare",
    "date": "2025-09-10",
    "unitsSold": 10,
    "costPrice": 491,
    "salePrice": 666,
    "totalRevenue": 6660,
    "totalCost": 4910,
    "profit": 1750
  },
  {
    "id": 15,
    "productId": 184,
    "productName": "Protein Hair Mask 250ml",
    "category": "Haircare",
    "date": "2025-08-12",
    "unitsSold": 9,
    "costPrice": 630,
    "salePrice": 876,
    "totalRevenue": 7884,
    "totalCost": 5670,
    "profit": 2214
  },
  {
    "id": 16,
    "productId": 49,
    "productName": "Under Eye Cream 500ml",
    "category": "Skincare",
    "date": "2025-09-06",
    "unitsSold": 1,
    "costPrice": 350,
    "salePrice": 475,
    "totalRevenue": 475,
    "totalCost": 350,
    "profit": 125
  },
  {
    "id": 17,
    "productId": 191,
    "productName": "Nourishing Hair Cream 250ml",
    "category": "Haircare",
    "date": "2025-08-14",
    "unitsSold": 2,
    "costPrice": 458,
    "salePrice": 608,
    "totalRevenue": 1216,
    "totalCost": 916,
    "profit": 300
  },
  {
    "id": 18,
    "productId": 125,
    "productName": "Kajal Pencil 100ml",
    "category": "Cosmetics",
    "date": "2025-08-23",
    "unitsSold": 2,
    "costPrice": 114,
    "salePrice": 155,
    "totalRevenue": 310,
    "totalCost": 228,
    "profit": 82
  },
  {
    "id": 19,
    "productId": 92,
    "productName": "Brow Pencil 30ml",
    "category": "Cosmetics",
    "date": "2025-09-14",
    "unitsSold": 7,
    "costPrice": 561,
    "salePrice": 761,
    "totalRevenue": 5327,
    "totalCost": 3927,
    "profit": 1400
  },
  {
    "id": 20,
    "productId": 123,
    "productName": "Blush Powder 1L",
    "category": "Cosmetics",
    "date": "2025-10-27",
    "unitsSold": 1,
    "costPrice": 604,
    "salePrice": 887,
    "totalRevenue": 887,
    "totalCost": 604,
    "profit": 283
  },
  {
    "id": 21,
    "productId": 181,
    "productName": "Hair Growth Serum 30ml",
    "category": "Haircare",
    "date": "2025-10-10",
    "unitsSold": 3,
    "costPrice": 498,
    "salePrice": 673,
    "totalRevenue": 2019,
    "totalCost": 1494,
    "profit": 525
  },
  {
    "id": 22,
    "productId": 87,
    "productName": "Acne Control Gel 1L",
    "category": "Skincare",
    "date": "2025-10-13",
    "unitsSold": 10,
    "costPrice": 675,
    "salePrice": 938,
    "totalRevenue": 9380,
    "totalCost": 6750,
    "profit": 2630
  },
  {
    "id": 23,
    "productId": 70,
    "productName": "Face Oil 200ml",
    "category": "Skincare",
    "date": "2025-10-18",
    "unitsSold": 3,
    "costPrice": 261,
    "salePrice": 357,
    "totalRevenue": 1071,
    "totalCost": 783,
    "profit": 288
  },
  {
    "id": 24,
    "productId": 123,
    "productName": "Blush Powder 1L",
    "category": "Cosmetics",
    "date": "2025-10-03",
    "unitsSold": 4,
    "costPrice": 604,
    "salePrice": 887,
    "totalRevenue": 3548,
    "totalCost": 2416,
    "profit": 1132
  },
  {
    "id": 25,
    "productId": 81,
    "productName": "Gentle Toner 1L",
    "category": "Skincare",
    "date": "2025-09-27",
    "unitsSold": 10,
    "costPrice": 805,
    "salePrice": 1085,
    "totalRevenue": 10850,
    "totalCost": 8050,
    "profit": 2800
  },
  {
    "id": 26,
    "productId": 74,
    "productName": "Under Eye Cream 1L",
    "category": "Skincare",
    "date": "2025-09-03",
    "unitsSold": 2,
    "costPrice": 279,
    "salePrice": 377,
    "totalRevenue": 754,
    "totalCost": 558,
    "profit": 196
  },
  {
    "id": 27,
    "productId": 150,
    "productName": "Makeup Remover 200ml",
    "category": "Cosmetics",
    "date": "2025-09-06",
    "unitsSold": 7,
    "costPrice": 158,
    "salePrice": 220,
    "totalRevenue": 1540,
    "totalCost": 1106,
    "profit": 434
  },
  {
    "id": 28,
    "productId": 36,
    "productName": "Brightening Day Cream 200ml",
    "category": "Skincare",
    "date": "2025-09-25",
    "unitsSold": 4,
    "costPrice": 811,
    "salePrice": 1032,
    "totalRevenue": 4128,
    "totalCost": 3244,
    "profit": 884
  },
  {
    "id": 29,
    "productId": 135,
    "productName": "Setting Spray 1L",
    "category": "Cosmetics",
    "date": "2025-09-21",
    "unitsSold": 6,
    "costPrice": 106,
    "salePrice": 154,
    "totalRevenue": 924,
    "totalCost": 636,
    "profit": 288
  },
  {
    "id": 30,
    "productId": 177,
    "productName": "Volumizing Shampoo 50ml",
    "category": "Haircare",
    "date": "2025-08-07",
    "unitsSold": 9,
    "costPrice": 773,
    "salePrice": 982,
    "totalRevenue": 8838,
    "totalCost": 6957,
    "profit": 1881
  },
  {
    "id": 31,
    "productId": 39,
    "productName": "Face Cleanser 50ml",
    "category": "Skincare",
    "date": "2025-09-04",
    "unitsSold": 5,
    "costPrice": 261,
    "salePrice": 376,
    "totalRevenue": 1880,
    "totalCost": 1305,
    "profit": 575
  },
  {
    "id": 32,
    "productId": 84,
    "productName": "Gentle Toner 100ml",
    "category": "Skincare",
    "date": "2025-08-09",
    "unitsSold": 4,
    "costPrice": 247,
    "salePrice": 352,
    "totalRevenue": 1408,
    "totalCost": 988,
    "profit": 420
  },
  {
    "id": 33,
    "productId": 70,
    "productName": "Face Oil 200ml",
    "category": "Skincare",
    "date": "2025-10-11",
    "unitsSold": 2,
    "costPrice": 261,
    "salePrice": 357,
    "totalRevenue": 714,
    "totalCost": 522,
    "profit": 192
  },
  {
    "id": 34,
    "productId": 83,
    "productName": "Under Eye Cream 250ml",
    "category": "Skincare",
    "date": "2025-09-02",
    "unitsSold": 4,
    "costPrice": 171,
    "salePrice": 222,
    "totalRevenue": 888,
    "totalCost": 684,
    "profit": 204
  },
  {
    "id": 35,
    "productId": 165,
    "productName": "Argan Hair Oil 1L",
    "category": "Haircare",
    "date": "2025-08-11",
    "unitsSold": 6,
    "costPrice": 145,
    "salePrice": 197,
    "totalRevenue": 1182,
    "totalCost": 870,
    "profit": 312
  },
  {
    "id": 36,
    "productId": 129,
    "productName": "Liquid Eyeliner 50ml",
    "category": "Cosmetics",
    "date": "2025-08-03",
    "unitsSold": 6,
    "costPrice": 423,
    "salePrice": 596,
    "totalRevenue": 3576,
    "totalCost": 2538,
    "profit": 1038
  },
  {
    "id": 37,
    "productId": 90,
    "productName": "Acne Control Gel 50ml",
    "category": "Skincare",
    "date": "2025-08-10",
    "unitsSold": 9,
    "costPrice": 877,
    "salePrice": 1098,
    "totalRevenue": 9882,
    "totalCost": 7893,
    "profit": 1989
  },
  {
    "id": 38,
    "productId": 184,
    "productName": "Protein Hair Mask 250ml",
    "category": "Haircare",
    "date": "2025-10-09",
    "unitsSold": 7,
    "costPrice": 630,
    "salePrice": 876,
    "totalRevenue": 6132,
    "totalCost": 4410,
    "profit": 1722
  },
  {
    "id": 39,
    "productId": 166,
    "productName": "Hair Detangler Spray 250ml",
    "category": "Haircare",
    "date": "2025-10-01",
    "unitsSold": 8,
    "costPrice": 441,
    "salePrice": 578,
    "totalRevenue": 4624,
    "totalCost": 3528,
    "profit": 1096
  },
  {
    "id": 40,
    "productId": 169,
    "productName": "Hair Detangler Spray 250ml",
    "category": "Haircare",
    "date": "2025-10-27",
    "unitsSold": 7,
    "costPrice": 879,
    "salePrice": 1183,
    "totalRevenue": 8281,
    "totalCost": 6153,
    "profit": 2128
  },
  {
    "id": 41,
    "productId": 113,
    "productName": "Eyeshadow Palette 250ml",
    "category": "Cosmetics",
    "date": "2025-08-28",
    "unitsSold": 1,
    "costPrice": 299,
    "salePrice": 405,
    "totalRevenue": 405,
    "totalCost": 299,
    "profit": 106
  },
  {
    "id": 42,
    "productId": 18,
    "productName": "Clay Mask 100ml",
    "category": "Skincare",
    "date": "2025-09-11",
    "unitsSold": 10,
    "costPrice": 442,
    "salePrice": 583,
    "totalRevenue": 5830,
    "totalCost": 4420,
    "profit": 1410
  },
  {
    "id": 43,
    "productId": 103,
    "productName": "BB Cream 200ml",
    "category": "Cosmetics",
    "date": "2025-10-09",
    "unitsSold": 1,
    "costPrice": 626,
    "salePrice": 829,
    "totalRevenue": 829,
    "totalCost": 626,
    "profit": 203
  },
  {
    "id": 44,
    "productId": 65,
    "productName": "Rose Water Toner 200ml",
    "category": "Skincare",
    "date": "2025-10-25",
    "unitsSold": 5,
    "costPrice": 886,
    "salePrice": 1191,
    "totalRevenue": 5955,
    "totalCost": 4430,
    "profit": 1525
  },
  {
    "id": 45,
    "productId": 3,
    "productName": "Under Eye Cream 100ml",
    "category": "Skincare",
    "date": "2025-10-12",
    "unitsSold": 6,
    "costPrice": 877,
    "salePrice": 1146,
    "totalRevenue": 6876,
    "totalCost": 5262,
    "profit": 1614
  },
  {
    "id": 46,
    "productId": 179,
    "productName": "Argan Hair Oil 200ml",
    "category": "Haircare",
    "date": "2025-09-14",
    "unitsSold": 1,
    "costPrice": 649,
    "salePrice": 866,
    "totalRevenue": 866,
    "totalCost": 649,
    "profit": 217
  },
  {
    "id": 47,
    "productId": 31,
    "productName": "Nourishing Face Cream 200ml",
    "category": "Skincare",
    "date": "2025-08-03",
    "unitsSold": 9,
    "costPrice": 732,
    "salePrice": 1031,
    "totalRevenue": 9279,
    "totalCost": 6588,
    "profit": 2691
  },
  {
    "id": 48,
    "productId": 63,
    "productName": "Vitamin C Face Wash 250ml",
    "category": "Skincare",
    "date": "2025-08-26",
    "unitsSold": 6,
    "costPrice": 435,
    "salePrice": 618,
    "totalRevenue": 3708,
    "totalCost": 2610,
    "profit": 1098
  },
  {
    "id": 49,
    "productId": 94,
    "productName": "Brow Pencil 50ml",
    "category": "Cosmetics",
    "date": "2025-08-23",
    "unitsSold": 9,
    "costPrice": 670,
    "salePrice": 954,
    "totalRevenue": 8586,
    "totalCost": 6030,
    "profit": 2556
  },
  {
    "id": 50,
    "productId": 42,
    "productName": "Charcoal Face Mask 100ml",
    "category": "Skincare",
    "date": "2025-08-14",
    "unitsSold": 2,
    "costPrice": 158,
    "salePrice": 225,
    "totalRevenue": 450,
    "totalCost": 316,
    "profit": 134
  },
  {
    "id": 51,
    "productId": 5,
    "productName": "Brightening Day Cream 500ml",
    "category": "Skincare",
    "date": "2025-10-22",
    "unitsSold": 9,
    "costPrice": 711,
    "salePrice": 962,
    "totalRevenue": 8658,
    "totalCost": 6399,
    "profit": 2259
  },
  {
    "id": 52,
    "productId": 127,
    "productName": "Foundation Liquid 50ml",
    "category": "Cosmetics",
    "date": "2025-09-13",
    "unitsSold": 1,
    "costPrice": 288,
    "salePrice": 375,
    "totalRevenue": 375,
    "totalCost": 288,
    "profit": 87
  },
  {
    "id": 53,
    "productId": 72,
    "productName": "Under Eye Cream 100ml",
    "category": "Skincare",
    "date": "2025-09-08",
    "unitsSold": 9,
    "costPrice": 763,
    "salePrice": 987,
    "totalRevenue": 8883,
    "totalCost": 6867,
    "profit": 2016
  },
  {
    "id": 54,
    "productId": 97,
    "productName": "Blush Powder 1L",
    "category": "Cosmetics",
    "date": "2025-10-05",
    "unitsSold": 10,
    "costPrice": 583,
    "salePrice": 867,
    "totalRevenue": 8670,
    "totalCost": 5830,
    "profit": 2840
  },
  {
    "id": 55,
    "productId": 49,
    "productName": "Under Eye Cream 500ml",
    "category": "Skincare",
    "date": "2025-09-15",
    "unitsSold": 2,
    "costPrice": 350,
    "salePrice": 475,
    "totalRevenue": 950,
    "totalCost": 700,
    "profit": 250
  },
  {
    "id": 56,
    "productId": 79,
    "productName": "Brightening Day Cream 1L",
    "category": "Skincare",
    "date": "2025-09-07",
    "unitsSold": 10,
    "costPrice": 531,
    "salePrice": 732,
    "totalRevenue": 7320,
    "totalCost": 5310,
    "profit": 2010
  },
  {
    "id": 57,
    "productId": 196,
    "productName": "Repair Oil Blend 200ml",
    "category": "Haircare",
    "date": "2025-10-26",
    "unitsSold": 9,
    "costPrice": 908,
    "salePrice": 1194,
    "totalRevenue": 10746,
    "totalCost": 8172,
    "profit": 2574
  },
  {
    "id": 58,
    "productId": 26,
    "productName": "Under Eye Cream 1L",
    "category": "Skincare",
    "date": "2025-09-06",
    "unitsSold": 2,
    "costPrice": 178,
    "salePrice": 226,
    "totalRevenue": 452,
    "totalCost": 356,
    "profit": 96
  },
  {
    "id": 59,
    "productId": 88,
    "productName": "Hyaluronic Acid Serum 100ml",
    "category": "Skincare",
    "date": "2025-10-01",
    "unitsSold": 7,
    "costPrice": 312,
    "salePrice": 437,
    "totalRevenue": 3059,
    "totalCost": 2184,
    "profit": 875
  },
  {
    "id": 60,
    "productId": 170,
    "productName": "Color Protect Conditioner 50ml",
    "category": "Haircare",
    "date": "2025-08-07",
    "unitsSold": 7,
    "costPrice": 260,
    "salePrice": 354,
    "totalRevenue": 2478,
    "totalCost": 1820,
    "profit": 658
  },
  {
    "id": 61,
    "productId": 80,
    "productName": "Charcoal Face Mask 100ml",
    "category": "Skincare",
    "date": "2025-08-08",
    "unitsSold": 5,
    "costPrice": 492,
    "salePrice": 679,
    "totalRevenue": 3395,
    "totalCost": 2460,
    "profit": 935
  },
  {
    "id": 62,
    "productId": 155,
    "productName": "Contour Stick 100ml",
    "category": "Cosmetics",
    "date": "2025-09-04",
    "unitsSold": 8,
    "costPrice": 453,
    "salePrice": 666,
    "totalRevenue": 5328,
    "totalCost": 3624,
    "profit": 1704
  },
  {
    "id": 63,
    "productId": 99,
    "productName": "Lip Gloss 1L",
    "category": "Cosmetics",
    "date": "2025-09-28",
    "unitsSold": 7,
    "costPrice": 193,
    "salePrice": 258,
    "totalRevenue": 1806,
    "totalCost": 1351,
    "profit": 455
  },
  {
    "id": 64,
    "productId": 49,
    "productName": "Under Eye Cream 500ml",
    "category": "Skincare",
    "date": "2025-08-18",
    "unitsSold": 10,
    "costPrice": 350,
    "salePrice": 475,
    "totalRevenue": 4750,
    "totalCost": 3500,
    "profit": 1250
  },
  {
    "id": 65,
    "productId": 186,
    "productName": "Anti-Dandruff Shampoo 1L",
    "category": "Haircare",
    "date": "2025-10-06",
    "unitsSold": 4,
    "costPrice": 945,
    "salePrice": 1199,
    "totalRevenue": 4796,
    "totalCost": 3780,
    "profit": 1016
  },
  {
    "id": 66,
    "productId": 62,
    "productName": "Gentle Toner 1L",
    "category": "Skincare",
    "date": "2025-08-04",
    "unitsSold": 10,
    "costPrice": 624,
    "salePrice": 878,
    "totalRevenue": 8780,
    "totalCost": 6240,
    "profit": 2540
  },
  {
    "id": 67,
    "productId": 176,
    "productName": "Heat Protectant Spray 500ml",
    "category": "Haircare",
    "date": "2025-08-25",
    "unitsSold": 5,
    "costPrice": 480,
    "salePrice": 603,
    "totalRevenue": 3015,
    "totalCost": 2400,
    "profit": 615
  },
  {
    "id": 68,
    "productId": 187,
    "productName": "Hair Detangler Spray 500ml",
    "category": "Haircare",
    "date": "2025-09-26",
    "unitsSold": 3,
    "costPrice": 583,
    "salePrice": 758,
    "totalRevenue": 2274,
    "totalCost": 1749,
    "profit": 525
  },
  {
    "id": 69,
    "productId": 18,
    "productName": "Clay Mask 100ml",
    "category": "Skincare",
    "date": "2025-10-26",
    "unitsSold": 10,
    "costPrice": 442,
    "salePrice": 583,
    "totalRevenue": 5830,
    "totalCost": 4420,
    "profit": 1410
  },
  {
    "id": 70,
    "productId": 74,
    "productName": "Under Eye Cream 1L",
    "category": "Skincare",
    "date": "2025-10-10",
    "unitsSold": 8,
    "costPrice": 279,
    "salePrice": 377,
    "totalRevenue": 3016,
    "totalCost": 2232,
    "profit": 784
  },
  {
    "id": 71,
    "productId": 43,
    "productName": "Brightening Day Cream 1L",
    "category": "Skincare",
    "date": "2025-08-22",
    "unitsSold": 7,
    "costPrice": 365,
    "salePrice": 486,
    "totalRevenue": 3402,
    "totalCost": 2555,
    "profit": 847
  },
  {
    "id": 72,
    "productId": 38,
    "productName": "Acne Control Gel 500ml",
    "category": "Skincare",
    "date": "2025-09-10",
    "unitsSold": 1,
    "costPrice": 216,
    "salePrice": 312,
    "totalRevenue": 312,
    "totalCost": 216,
    "profit": 96
  },
  {
    "id": 73,
    "productId": 19,
    "productName": "Hydrating Face Serum 1L",
    "category": "Skincare",
    "date": "2025-08-09",
    "unitsSold": 3,
    "costPrice": 784,
    "salePrice": 980,
    "totalRevenue": 2940,
    "totalCost": 2352,
    "profit": 588
  },
  {
    "id": 74,
    "productId": 98,
    "productName": "BB Cream 50ml",
    "category": "Cosmetics",
    "date": "2025-09-02",
    "unitsSold": 10,
    "costPrice": 408,
    "salePrice": 575,
    "totalRevenue": 5750,
    "totalCost": 4080,
    "profit": 1670
  },
  {
    "id": 75,
    "productId": 26,
    "productName": "Under Eye Cream 1L",
    "category": "Skincare",
    "date": "2025-08-08",
    "unitsSold": 10,
    "costPrice": 178,
    "salePrice": 226,
    "totalRevenue": 2260,
    "totalCost": 1780,
    "profit": 480
  },
  {
    "id": 76,
    "productId": 129,
    "productName": "Liquid Eyeliner 50ml",
    "category": "Cosmetics",
    "date": "2025-09-15",
    "unitsSold": 6,
    "costPrice": 423,
    "salePrice": 596,
    "totalRevenue": 3576,
    "totalCost": 2538,
    "profit": 1038
  },
  {
    "id": 77,
    "productId": 177,
    "productName": "Volumizing Shampoo 50ml",
    "category": "Haircare",
    "date": "2025-08-23",
    "unitsSold": 10,
    "costPrice": 773,
    "salePrice": 982,
    "totalRevenue": 9820,
    "totalCost": 7730,
    "profit": 2090
  },
  {
    "id": 78,
    "productId": 118,
    "productName": "Contour Stick 250ml",
    "category": "Cosmetics",
    "date": "2025-10-17",
    "unitsSold": 7,
    "costPrice": 417,
    "salePrice": 623,
    "totalRevenue": 4361,
    "totalCost": 2919,
    "profit": 1442
  },
  {
    "id": 79,
    "productId": 177,
    "productName": "Volumizing Shampoo 50ml",
    "category": "Haircare",
    "date": "2025-08-01",
    "unitsSold": 5,
    "costPrice": 773,
    "salePrice": 982,
    "totalRevenue": 4910,
    "totalCost": 3865,
    "profit": 1045
  },
  {
    "id": 80,
    "productId": 139,
    "productName": "Matte Finish Lipstick 1L",
    "category": "Cosmetics",
    "date": "2025-08-14",
    "unitsSold": 10,
    "costPrice": 223,
    "salePrice": 327,
    "totalRevenue": 3270,
    "totalCost": 2230,
    "profit": 1040
  },
  {
    "id": 81,
    "productId": 62,
    "productName": "Gentle Toner 1L",
    "category": "Skincare",
    "date": "2025-08-01",
    "unitsSold": 6,
    "costPrice": 624,
    "salePrice": 878,
    "totalRevenue": 5268,
    "totalCost": 3744,
    "profit": 1524
  },
  {
    "id": 82,
    "productId": 55,
    "productName": "Face Oil 30ml",
    "category": "Skincare",
    "date": "2025-08-12",
    "unitsSold": 4,
    "costPrice": 567,
    "salePrice": 751,
    "totalRevenue": 3004,
    "totalCost": 2268,
    "profit": 736
  },
  {
    "id": 83,
    "productId": 168,
    "productName": "Anti-Dandruff Shampoo 500ml",
    "category": "Haircare",
    "date": "2025-09-08",
    "unitsSold": 3,
    "costPrice": 328,
    "salePrice": 453,
    "totalRevenue": 1359,
    "totalCost": 984,
    "profit": 375
  },
  {
    "id": 84,
    "productId": 69,
    "productName": "Under Eye Cream 50ml",
    "category": "Skincare",
    "date": "2025-10-07",
    "unitsSold": 2,
    "costPrice": 427,
    "salePrice": 545,
    "totalRevenue": 1090,
    "totalCost": 854,
    "profit": 236
  },
  {
    "id": 85,
    "productId": 43,
    "productName": "Brightening Day Cream 1L",
    "category": "Skincare",
    "date": "2025-08-25",
    "unitsSold": 4,
    "costPrice": 365,
    "salePrice": 486,
    "totalRevenue": 1944,
    "totalCost": 1460,
    "profit": 484
  },
  {
    "id": 86,
    "productId": 191,
    "productName": "Nourishing Hair Cream 250ml",
    "category": "Haircare",
    "date": "2025-08-10",
    "unitsSold": 1,
    "costPrice": 458,
    "salePrice": 608,
    "totalRevenue": 608,
    "totalCost": 458,
    "profit": 150
  },
  {
    "id": 87,
    "productId": 95,
    "productName": "Foundation Liquid 30ml",
    "category": "Cosmetics",
    "date": "2025-10-06",
    "unitsSold": 5,
    "costPrice": 437,
    "salePrice": 584,
    "totalRevenue": 2920,
    "totalCost": 2185,
    "profit": 735
  },
  {
    "id": 88,
    "productId": 184,
    "productName": "Protein Hair Mask 250ml",
    "category": "Haircare",
    "date": "2025-08-20",
    "unitsSold": 5,
    "costPrice": 630,
    "salePrice": 876,
    "totalRevenue": 4380,
    "totalCost": 3150,
    "profit": 1230
  },
  {
    "id": 89,
    "productId": 106,
    "productName": "Compact Powder 200ml",
    "category": "Cosmetics",
    "date": "2025-10-01",
    "unitsSold": 8,
    "costPrice": 668,
    "salePrice": 949,
    "totalRevenue": 7592,
    "totalCost": 5344,
    "profit": 2248
  },
  {
    "id": 90,
    "productId": 170,
    "productName": "Color Protect Conditioner 50ml",
    "category": "Haircare",
    "date": "2025-09-27",
    "unitsSold": 1,
    "costPrice": 260,
    "salePrice": 354,
    "totalRevenue": 354,
    "totalCost": 260,
    "profit": 94
  },
  {
    "id": 91,
    "productId": 86,
    "productName": "Sunscreen SPF 50 1L",
    "category": "Skincare",
    "date": "2025-10-08",
    "unitsSold": 7,
    "costPrice": 357,
    "salePrice": 464,
    "totalRevenue": 3248,
    "totalCost": 2499,
    "profit": 749
  },
  {
    "id": 92,
    "productId": 73,
    "productName": "Gentle Toner 50ml",
    "category": "Skincare",
    "date": "2025-10-20",
    "unitsSold": 9,
    "costPrice": 394,
    "salePrice": 556,
    "totalRevenue": 5004,
    "totalCost": 3546,
    "profit": 1458
  },
  {
    "id": 93,
    "productId": 124,
    "productName": "BB Cream 30ml",
    "category": "Cosmetics",
    "date": "2025-09-27",
    "unitsSold": 6,
    "costPrice": 509,
    "salePrice": 697,
    "totalRevenue": 4182,
    "totalCost": 3054,
    "profit": 1128
  },
  {
    "id": 94,
    "productId": 81,
    "productName": "Gentle Toner 1L",
    "category": "Skincare",
    "date": "2025-08-02",
    "unitsSold": 10,
    "costPrice": 805,
    "salePrice": 1085,
    "totalRevenue": 10850,
    "totalCost": 8050,
    "profit": 2800
  },
  {
    "id": 95,
    "productId": 47,
    "productName": "Brightening Day Cream 50ml",
    "category": "Skincare",
    "date": "2025-10-03",
    "unitsSold": 8,
    "costPrice": 746,
    "salePrice": 993,
    "totalRevenue": 7944,
    "totalCost": 5968,
    "profit": 1976
  },
  {
    "id": 96,
    "productId": 73,
    "productName": "Gentle Toner 50ml",
    "category": "Skincare",
    "date": "2025-09-14",
    "unitsSold": 8,
    "costPrice": 394,
    "salePrice": 556,
    "totalRevenue": 4448,
    "totalCost": 3152,
    "profit": 1296
  },
  {
    "id": 97,
    "productId": 28,
    "productName": "Clay Mask 500ml",
    "category": "Skincare",
    "date": "2025-10-07",
    "unitsSold": 5,
    "costPrice": 348,
    "salePrice": 442,
    "totalRevenue": 2210,
    "totalCost": 1740,
    "profit": 470
  },
  {
    "id": 98,
    "productId": 67,
    "productName": "Exfoliating Scrub 30ml",
    "category": "Skincare",
    "date": "2025-08-12",
    "unitsSold": 8,
    "costPrice": 318,
    "salePrice": 460,
    "totalRevenue": 3680,
    "totalCost": 2544,
    "profit": 1136
  },
  {
    "id": 99,
    "productId": 150,
    "productName": "Makeup Remover 200ml",
    "category": "Cosmetics",
    "date": "2025-08-13",
    "unitsSold": 5,
    "costPrice": 158,
    "salePrice": 220,
    "totalRevenue": 1100,
    "totalCost": 790,
    "profit": 310
  },
  {
    "id": 100,
    "productId": 85,
    "productName": "Gentle Toner 500ml",
    "category": "Skincare",
    "date": "2025-08-03",
    "unitsSold": 10,
    "costPrice": 498,
    "salePrice": 692,
    "totalRevenue": 6920,
    "totalCost": 4980,
    "profit": 1940
  },
  {
    "id": 101,
    "productId": 193,
    "productName": "Hair Styling Gel 1L",
    "category": "Haircare",
    "date": "2025-09-07",
    "unitsSold": 10,
    "costPrice": 219,
    "salePrice": 294,
    "totalRevenue": 2940,
    "totalCost": 2190,
    "profit": 750
  },
  {
    "id": 102,
    "productId": 6,
    "productName": "Sunscreen SPF 50 200ml",
    "category": "Skincare",
    "date": "2025-08-18",
    "unitsSold": 5,
    "costPrice": 157,
    "salePrice": 209,
    "totalRevenue": 1045,
    "totalCost": 785,
    "profit": 260
  },
  {
    "id": 103,
    "productId": 3,
    "productName": "Under Eye Cream 100ml",
    "category": "Skincare",
    "date": "2025-08-21",
    "unitsSold": 10,
    "costPrice": 877,
    "salePrice": 1146,
    "totalRevenue": 11460,
    "totalCost": 8770,
    "profit": 2690
  },
  {
    "id": 104,
    "productId": 51,
    "productName": "Oil-Free Moisturizer 30ml",
    "category": "Skincare",
    "date": "2025-08-01",
    "unitsSold": 8,
    "costPrice": 387,
    "salePrice": 506,
    "totalRevenue": 4048,
    "totalCost": 3096,
    "profit": 952
  },
  {
    "id": 105,
    "productId": 177,
    "productName": "Volumizing Shampoo 50ml",
    "category": "Haircare",
    "date": "2025-10-14",
    "unitsSold": 7,
    "costPrice": 773,
    "salePrice": 982,
    "totalRevenue": 6874,
    "totalCost": 5411,
    "profit": 1463
  },
  {
    "id": 106,
    "productId": 36,
    "productName": "Brightening Day Cream 200ml",
    "category": "Skincare",
    "date": "2025-08-19",
    "unitsSold": 8,
    "costPrice": 811,
    "salePrice": 1032,
    "totalRevenue": 8256,
    "totalCost": 6488,
    "profit": 1768
  },
  {
    "id": 107,
    "productId": 65,
    "productName": "Rose Water Toner 200ml",
    "category": "Skincare",
    "date": "2025-10-30",
    "unitsSold": 4,
    "costPrice": 886,
    "salePrice": 1191,
    "totalRevenue": 4764,
    "totalCost": 3544,
    "profit": 1220
  },
  {
    "id": 108,
    "productId": 133,
    "productName": "Eyeshadow Palette 50ml",
    "category": "Cosmetics",
    "date": "2025-10-27",
    "unitsSold": 8,
    "costPrice": 601,
    "salePrice": 868,
    "totalRevenue": 6944,
    "totalCost": 4808,
    "profit": 2136
  },
  {
    "id": 109,
    "productId": 193,
    "productName": "Hair Styling Gel 1L",
    "category": "Haircare",
    "date": "2025-08-15",
    "unitsSold": 2,
    "costPrice": 219,
    "salePrice": 294,
    "totalRevenue": 588,
    "totalCost": 438,
    "profit": 150
  },
  {
    "id": 110,
    "productId": 82,
    "productName": "Nourishing Face Cream 1L",
    "category": "Skincare",
    "date": "2025-09-10",
    "unitsSold": 6,
    "costPrice": 715,
    "salePrice": 966,
    "totalRevenue": 5796,
    "totalCost": 4290,
    "profit": 1506
  },
  {
    "id": 111,
    "productId": 185,
    "productName": "Frizz Control Cream 500ml",
    "category": "Haircare",
    "date": "2025-08-01",
    "unitsSold": 8,
    "costPrice": 799,
    "salePrice": 1043,
    "totalRevenue": 8344,
    "totalCost": 6392,
    "profit": 1952
  },
  {
    "id": 112,
    "productId": 11,
    "productName": "Sunscreen SPF 50 250ml",
    "category": "Skincare",
    "date": "2025-10-03",
    "unitsSold": 2,
    "costPrice": 617,
    "salePrice": 788,
    "totalRevenue": 1576,
    "totalCost": 1234,
    "profit": 342
  },
  {
    "id": 113,
    "productId": 185,
    "productName": "Frizz Control Cream 500ml",
    "category": "Haircare",
    "date": "2025-09-26",
    "unitsSold": 1,
    "costPrice": 799,
    "salePrice": 1043,
    "totalRevenue": 1043,
    "totalCost": 799,
    "profit": 244
  },
  {
    "id": 114,
    "productId": 190,
    "productName": "Nourishing Hair Cream 100ml",
    "category": "Haircare",
    "date": "2025-10-06",
    "unitsSold": 1,
    "costPrice": 773,
    "salePrice": 1073,
    "totalRevenue": 1073,
    "totalCost": 773,
    "profit": 300
  },
  {
    "id": 115,
    "productId": 81,
    "productName": "Gentle Toner 1L",
    "category": "Skincare",
    "date": "2025-09-01",
    "unitsSold": 3,
    "costPrice": 805,
    "salePrice": 1085,
    "totalRevenue": 3255,
    "totalCost": 2415,
    "profit": 840
  },
  {
    "id": 116,
    "productId": 50,
    "productName": "Face Oil 100ml",
    "category": "Skincare",
    "date": "2025-08-03",
    "unitsSold": 3,
    "costPrice": 470,
    "salePrice": 653,
    "totalRevenue": 1959,
    "totalCost": 1410,
    "profit": 549
  },
  {
    "id": 117,
    "productId": 179,
    "productName": "Argan Hair Oil 200ml",
    "category": "Haircare",
    "date": "2025-10-30",
    "unitsSold": 4,
    "costPrice": 649,
    "salePrice": 866,
    "totalRevenue": 3464,
    "totalCost": 2596,
    "profit": 868
  },
  {
    "id": 118,
    "productId": 165,
    "productName": "Argan Hair Oil 1L",
    "category": "Haircare",
    "date": "2025-10-12",
    "unitsSold": 10,
    "costPrice": 145,
    "salePrice": 197,
    "totalRevenue": 1970,
    "totalCost": 1450,
    "profit": 520
  },
  {
    "id": 119,
    "productId": 1,
    "productName": "Exfoliating Scrub 500ml",
    "category": "Skincare",
    "date": "2025-09-12",
    "unitsSold": 3,
    "costPrice": 181,
    "salePrice": 249,
    "totalRevenue": 747,
    "totalCost": 543,
    "profit": 204
  },
  {
    "id": 120,
    "productId": 193,
    "productName": "Hair Styling Gel 1L",
    "category": "Haircare",
    "date": "2025-08-10",
    "unitsSold": 5,
    "costPrice": 219,
    "salePrice": 294,
    "totalRevenue": 1470,
    "totalCost": 1095,
    "profit": 375
  },
  {
    "id": 121,
    "productId": 63,
    "productName": "Vitamin C Face Wash 250ml",
    "category": "Skincare",
    "date": "2025-10-08",
    "unitsSold": 7,
    "costPrice": 435,
    "salePrice": 618,
    "totalRevenue": 4326,
    "totalCost": 3045,
    "profit": 1281
  },
  {
    "id": 122,
    "productId": 83,
    "productName": "Under Eye Cream 250ml",
    "category": "Skincare",
    "date": "2025-08-22",
    "unitsSold": 6,
    "costPrice": 171,
    "salePrice": 222,
    "totalRevenue": 1332,
    "totalCost": 1026,
    "profit": 306
  },
  {
    "id": 123,
    "productId": 11,
    "productName": "Sunscreen SPF 50 250ml",
    "category": "Skincare",
    "date": "2025-09-15",
    "unitsSold": 9,
    "costPrice": 617,
    "salePrice": 788,
    "totalRevenue": 7092,
    "totalCost": 5553,
    "profit": 1539
  },
  {
    "id": 124,
    "productId": 33,
    "productName": "Oil-Free Moisturizer 200ml",
    "category": "Skincare",
    "date": "2025-08-11",
    "unitsSold": 1,
    "costPrice": 285,
    "salePrice": 411,
    "totalRevenue": 411,
    "totalCost": 285,
    "profit": 126
  },
  {
    "id": 125,
    "productId": 120,
    "productName": "Setting Spray 100ml",
    "category": "Cosmetics",
    "date": "2025-08-16",
    "unitsSold": 6,
    "costPrice": 672,
    "salePrice": 937,
    "totalRevenue": 5622,
    "totalCost": 4032,
    "profit": 1590
  },
  {
    "id": 126,
    "productId": 65,
    "productName": "Rose Water Toner 200ml",
    "category": "Skincare",
    "date": "2025-09-27",
    "unitsSold": 10,
    "costPrice": 886,
    "salePrice": 1191,
    "totalRevenue": 11910,
    "totalCost": 8860,
    "profit": 3050
  },
  {
    "id": 127,
    "productId": 46,
    "productName": "Peel Off Mask 1L",
    "category": "Skincare",
    "date": "2025-08-20",
    "unitsSold": 9,
    "costPrice": 438,
    "salePrice": 615,
    "totalRevenue": 5535,
    "totalCost": 3942,
    "profit": 1593
  },
  {
    "id": 128,
    "productId": 150,
    "productName": "Makeup Remover 200ml",
    "category": "Cosmetics",
    "date": "2025-09-01",
    "unitsSold": 1,
    "costPrice": 158,
    "salePrice": 220,
    "totalRevenue": 220,
    "totalCost": 158,
    "profit": 62
  },
  {
    "id": 129,
    "productId": 52,
    "productName": "Under Eye Cream 200ml",
    "category": "Skincare",
    "date": "2025-10-18",
    "unitsSold": 1,
    "costPrice": 497,
    "salePrice": 669,
    "totalRevenue": 669,
    "totalCost": 497,
    "profit": 172
  },
  {
    "id": 130,
    "productId": 112,
    "productName": "Primer Cream 50ml",
    "category": "Cosmetics",
    "date": "2025-09-18",
    "unitsSold": 2,
    "costPrice": 614,
    "salePrice": 873,
    "totalRevenue": 1746,
    "totalCost": 1228,
    "profit": 518
  },
  {
    "id": 131,
    "productId": 165,
    "productName": "Argan Hair Oil 1L",
    "category": "Haircare",
    "date": "2025-10-17",
    "unitsSold": 8,
    "costPrice": 145,
    "salePrice": 197,
    "totalRevenue": 1576,
    "totalCost": 1160,
    "profit": 416
  },
  {
    "id": 132,
    "productId": 43,
    "productName": "Brightening Day Cream 1L",
    "category": "Skincare",
    "date": "2025-09-01",
    "unitsSold": 8,
    "costPrice": 365,
    "salePrice": 486,
    "totalRevenue": 3888,
    "totalCost": 2920,
    "profit": 968
  },
  {
    "id": 133,
    "productId": 62,
    "productName": "Gentle Toner 1L",
    "category": "Skincare",
    "date": "2025-09-17",
    "unitsSold": 10,
    "costPrice": 624,
    "salePrice": 878,
    "totalRevenue": 8780,
    "totalCost": 6240,
    "profit": 2540
  },
  {
    "id": 134,
    "productId": 99,
    "productName": "Lip Gloss 1L",
    "category": "Cosmetics",
    "date": "2025-08-27",
    "unitsSold": 4,
    "costPrice": 193,
    "salePrice": 258,
    "totalRevenue": 1032,
    "totalCost": 772,
    "profit": 260
  },
  {
    "id": 135,
    "productId": 26,
    "productName": "Under Eye Cream 1L",
    "category": "Skincare",
    "date": "2025-10-18",
    "unitsSold": 8,
    "costPrice": 178,
    "salePrice": 226,
    "totalRevenue": 1808,
    "totalCost": 1424,
    "profit": 384
  },
  {
    "id": 136,
    "productId": 169,
    "productName": "Hair Detangler Spray 250ml",
    "category": "Haircare",
    "date": "2025-08-16",
    "unitsSold": 5,
    "costPrice": 879,
    "salePrice": 1183,
    "totalRevenue": 5915,
    "totalCost": 4395,
    "profit": 1520
  },
  {
    "id": 137,
    "productId": 106,
    "productName": "Compact Powder 200ml",
    "category": "Cosmetics",
    "date": "2025-09-09",
    "unitsSold": 1,
    "costPrice": 668,
    "salePrice": 949,
    "totalRevenue": 949,
    "totalCost": 668,
    "profit": 281
  },
  {
    "id": 138,
    "productId": 128,
    "productName": "Kajal Pencil 200ml",
    "category": "Cosmetics",
    "date": "2025-09-05",
    "unitsSold": 7,
    "costPrice": 169,
    "salePrice": 233,
    "totalRevenue": 1631,
    "totalCost": 1183,
    "profit": 448
  },
  {
    "id": 139,
    "productId": 137,
    "productName": "Concealer Stick 500ml",
    "category": "Cosmetics",
    "date": "2025-09-17",
    "unitsSold": 3,
    "costPrice": 200,
    "salePrice": 274,
    "totalRevenue": 822,
    "totalCost": 600,
    "profit": 222
  },
  {
    "id": 140,
    "productId": 81,
    "productName": "Gentle Toner 1L",
    "category": "Skincare",
    "date": "2025-09-23",
    "unitsSold": 6,
    "costPrice": 805,
    "salePrice": 1085,
    "totalRevenue": 6510,
    "totalCost": 4830,
    "profit": 1680
  },
  {
    "id": 141,
    "productId": 56,
    "productName": "Vitamin C Face Wash 1L",
    "category": "Skincare",
    "date": "2025-10-31",
    "unitsSold": 4,
    "costPrice": 749,
    "salePrice": 1005,
    "totalRevenue": 4020,
    "totalCost": 2996,
    "profit": 1024
  },
  {
    "id": 142,
    "productId": 124,
    "productName": "BB Cream 30ml",
    "category": "Cosmetics",
    "date": "2025-10-05",
    "unitsSold": 3,
    "costPrice": 509,
    "salePrice": 697,
    "totalRevenue": 2091,
    "totalCost": 1527,
    "profit": 564
  },
  {
    "id": 143,
    "productId": 132,
    "productName": "Makeup Sponge 30ml",
    "category": "Cosmetics",
    "date": "2025-10-13",
    "unitsSold": 3,
    "costPrice": 339,
    "salePrice": 501,
    "totalRevenue": 1503,
    "totalCost": 1017,
    "profit": 486
  },
  {
    "id": 144,
    "productId": 63,
    "productName": "Vitamin C Face Wash 250ml",
    "category": "Skincare",
    "date": "2025-10-11",
    "unitsSold": 9,
    "costPrice": 435,
    "salePrice": 618,
    "totalRevenue": 5562,
    "totalCost": 3915,
    "profit": 1647
  },
  {
    "id": 145,
    "productId": 65,
    "productName": "Rose Water Toner 200ml",
    "category": "Skincare",
    "date": "2025-09-02",
    "unitsSold": 6,
    "costPrice": 886,
    "salePrice": 1191,
    "totalRevenue": 7146,
    "totalCost": 5316,
    "profit": 1830
  },
  {
    "id": 146,
    "productId": 199,
    "productName": "Hair Styling Gel 200ml",
    "category": "Haircare",
    "date": "2025-10-30",
    "unitsSold": 4,
    "costPrice": 553,
    "salePrice": 719,
    "totalRevenue": 2876,
    "totalCost": 2212,
    "profit": 664
  },
  {
    "id": 147,
    "productId": 42,
    "productName": "Charcoal Face Mask 100ml",
    "category": "Skincare",
    "date": "2025-10-28",
    "unitsSold": 4,
    "costPrice": 158,
    "salePrice": 225,
    "totalRevenue": 900,
    "totalCost": 632,
    "profit": 268
  },
  {
    "id": 148,
    "productId": 115,
    "productName": "Setting Spray 1L",
    "category": "Cosmetics",
    "date": "2025-10-07",
    "unitsSold": 2,
    "costPrice": 411,
    "salePrice": 595,
    "totalRevenue": 1190,
    "totalCost": 822,
    "profit": 368
  },
  {
    "id": 149,
    "productId": 10,
    "productName": "Face Cleanser 1L",
    "category": "Skincare",
    "date": "2025-09-20",
    "unitsSold": 2,
    "costPrice": 720,
    "salePrice": 1036,
    "totalRevenue": 2072,
    "totalCost": 1440,
    "profit": 632
  },
  {
    "id": 150,
    "productId": 147,
    "productName": "Makeup Sponge 200ml",
    "category": "Cosmetics",
    "date": "2025-09-26",
    "unitsSold": 8,
    "costPrice": 505,
    "salePrice": 750,
    "totalRevenue": 6000,
    "totalCost": 4040,
    "profit": 1960
  },
  {
    "id": 151,
    "productId": 154,
    "productName": "Highlighter Palette 1L",
    "category": "Cosmetics",
    "date": "2025-09-04",
    "unitsSold": 1,
    "costPrice": 600,
    "salePrice": 828,
    "totalRevenue": 828,
    "totalCost": 600,
    "profit": 228
  },
  {
    "id": 152,
    "productId": 99,
    "productName": "Lip Gloss 1L",
    "category": "Cosmetics",
    "date": "2025-09-10",
    "unitsSold": 8,
    "costPrice": 193,
    "salePrice": 258,
    "totalRevenue": 2064,
    "totalCost": 1544,
    "profit": 520
  },
  {
    "id": 153,
    "productId": 44,
    "productName": "Hydrating Face Serum 200ml",
    "category": "Skincare",
    "date": "2025-09-04",
    "unitsSold": 3,
    "costPrice": 517,
    "salePrice": 704,
    "totalRevenue": 2112,
    "totalCost": 1551,
    "profit": 561
  },
  {
    "id": 154,
    "productId": 151,
    "productName": "Brow Pencil 100ml",
    "category": "Cosmetics",
    "date": "2025-10-18",
    "unitsSold": 8,
    "costPrice": 657,
    "salePrice": 866,
    "totalRevenue": 6928,
    "totalCost": 5256,
    "profit": 1672
  },
  {
    "id": 155,
    "productId": 126,
    "productName": "Makeup Sponge 250ml",
    "category": "Cosmetics",
    "date": "2025-08-09",
    "unitsSold": 7,
    "costPrice": 626,
    "salePrice": 830,
    "totalRevenue": 5810,
    "totalCost": 4382,
    "profit": 1428
  },
  {
    "id": 156,
    "productId": 145,
    "productName": "Eyeshadow Palette 30ml",
    "category": "Cosmetics",
    "date": "2025-09-17",
    "unitsSold": 5,
    "costPrice": 394,
    "salePrice": 566,
    "totalRevenue": 2830,
    "totalCost": 1970,
    "profit": 860
  },
  {
    "id": 157,
    "productId": 176,
    "productName": "Heat Protectant Spray 500ml",
    "category": "Haircare",
    "date": "2025-08-10",
    "unitsSold": 10,
    "costPrice": 480,
    "salePrice": 603,
    "totalRevenue": 6030,
    "totalCost": 4800,
    "profit": 1230
  },
  {
    "id": 158,
    "productId": 184,
    "productName": "Protein Hair Mask 250ml",
    "category": "Haircare",
    "date": "2025-10-16",
    "unitsSold": 1,
    "costPrice": 630,
    "salePrice": 876,
    "totalRevenue": 876,
    "totalCost": 630,
    "profit": 246
  },
  {
    "id": 159,
    "productId": 82,
    "productName": "Nourishing Face Cream 1L",
    "category": "Skincare",
    "date": "2025-10-25",
    "unitsSold": 5,
    "costPrice": 715,
    "salePrice": 966,
    "totalRevenue": 4830,
    "totalCost": 3575,
    "profit": 1255
  },
  {
    "id": 160,
    "productId": 22,
    "productName": "Face Oil 50ml",
    "category": "Skincare",
    "date": "2025-10-03",
    "unitsSold": 10,
    "costPrice": 345,
    "salePrice": 449,
    "totalRevenue": 4490,
    "totalCost": 3450,
    "profit": 1040
  },
  {
    "id": 161,
    "productId": 187,
    "productName": "Hair Detangler Spray 500ml",
    "category": "Haircare",
    "date": "2025-10-10",
    "unitsSold": 7,
    "costPrice": 583,
    "salePrice": 758,
    "totalRevenue": 5306,
    "totalCost": 4081,
    "profit": 1225
  },
  {
    "id": 162,
    "productId": 19,
    "productName": "Hydrating Face Serum 1L",
    "category": "Skincare",
    "date": "2025-09-08",
    "unitsSold": 4,
    "costPrice": 784,
    "salePrice": 980,
    "totalRevenue": 3920,
    "totalCost": 3136,
    "profit": 784
  },
  {
    "id": 163,
    "productId": 68,
    "productName": "Aloe Vera Moisturizer 500ml",
    "category": "Skincare",
    "date": "2025-10-06",
    "unitsSold": 1,
    "costPrice": 156,
    "salePrice": 222,
    "totalRevenue": 222,
    "totalCost": 156,
    "profit": 66
  },
  {
    "id": 164,
    "productId": 61,
    "productName": "Rose Water Toner 50ml",
    "category": "Skincare",
    "date": "2025-08-03",
    "unitsSold": 10,
    "costPrice": 746,
    "salePrice": 992,
    "totalRevenue": 9920,
    "totalCost": 7460,
    "profit": 2460
  },
  {
    "id": 165,
    "productId": 164,
    "productName": "Hair Strengthening Conditioner 250ml",
    "category": "Haircare",
    "date": "2025-10-06",
    "unitsSold": 1,
    "costPrice": 356,
    "salePrice": 471,
    "totalRevenue": 471,
    "totalCost": 356,
    "profit": 115
  },
  {
    "id": 166,
    "productId": 46,
    "productName": "Peel Off Mask 1L",
    "category": "Skincare",
    "date": "2025-09-15",
    "unitsSold": 3,
    "costPrice": 438,
    "salePrice": 615,
    "totalRevenue": 1845,
    "totalCost": 1314,
    "profit": 531
  },
  {
    "id": 167,
    "productId": 96,
    "productName": "Highlighter Palette 500ml",
    "category": "Cosmetics",
    "date": "2025-10-05",
    "unitsSold": 8,
    "costPrice": 407,
    "salePrice": 546,
    "totalRevenue": 4368,
    "totalCost": 3256,
    "profit": 1112
  },
  {
    "id": 168,
    "productId": 8,
    "productName": "Charcoal Face Mask 30ml",
    "category": "Skincare",
    "date": "2025-09-18",
    "unitsSold": 1,
    "costPrice": 462,
    "salePrice": 600,
    "totalRevenue": 600,
    "totalCost": 462,
    "profit": 138
  },
  {
    "id": 169,
    "productId": 12,
    "productName": "Nourishing Face Cream 250ml",
    "category": "Skincare",
    "date": "2025-09-18",
    "unitsSold": 3,
    "costPrice": 171,
    "salePrice": 237,
    "totalRevenue": 711,
    "totalCost": 513,
    "profit": 198
  },
  {
    "id": 170,
    "productId": 80,
    "productName": "Charcoal Face Mask 100ml",
    "category": "Skincare",
    "date": "2025-09-03",
    "unitsSold": 5,
    "costPrice": 492,
    "salePrice": 679,
    "totalRevenue": 3395,
    "totalCost": 2460,
    "profit": 935
  },
  {
    "id": 171,
    "productId": 152,
    "productName": "Blush Powder 30ml",
    "category": "Cosmetics",
    "date": "2025-09-17",
    "unitsSold": 8,
    "costPrice": 469,
    "salePrice": 668,
    "totalRevenue": 5344,
    "totalCost": 3752,
    "profit": 1592
  },
  {
    "id": 172,
    "productId": 6,
    "productName": "Sunscreen SPF 50 200ml",
    "category": "Skincare",
    "date": "2025-09-17",
    "unitsSold": 2,
    "costPrice": 157,
    "salePrice": 209,
    "totalRevenue": 418,
    "totalCost": 314,
    "profit": 104
  },
  {
    "id": 173,
    "productId": 180,
    "productName": "Hair Strengthening Conditioner 200ml",
    "category": "Haircare",
    "date": "2025-08-17",
    "unitsSold": 5,
    "costPrice": 554,
    "salePrice": 728,
    "totalRevenue": 3640,
    "totalCost": 2770,
    "profit": 870
  },
  {
    "id": 174,
    "productId": 106,
    "productName": "Compact Powder 200ml",
    "category": "Cosmetics",
    "date": "2025-08-02",
    "unitsSold": 7,
    "costPrice": 668,
    "salePrice": 949,
    "totalRevenue": 6643,
    "totalCost": 4676,
    "profit": 1967
  },
  {
    "id": 175,
    "productId": 191,
    "productName": "Nourishing Hair Cream 250ml",
    "category": "Haircare",
    "date": "2025-10-22",
    "unitsSold": 1,
    "costPrice": 458,
    "salePrice": 608,
    "totalRevenue": 608,
    "totalCost": 458,
    "profit": 150
  },
  {
    "id": 176,
    "productId": 41,
    "productName": "Acne Control Gel 100ml",
    "category": "Skincare",
    "date": "2025-10-24",
    "unitsSold": 5,
    "costPrice": 374,
    "salePrice": 537,
    "totalRevenue": 2685,
    "totalCost": 1870,
    "profit": 815
  },
  {
    "id": 177,
    "productId": 185,
    "productName": "Frizz Control Cream 500ml",
    "category": "Haircare",
    "date": "2025-08-05",
    "unitsSold": 3,
    "costPrice": 799,
    "salePrice": 1043,
    "totalRevenue": 3129,
    "totalCost": 2397,
    "profit": 732
  },
  {
    "id": 178,
    "productId": 116,
    "productName": "Eyeshadow Palette 1L",
    "category": "Cosmetics",
    "date": "2025-09-21",
    "unitsSold": 1,
    "costPrice": 566,
    "salePrice": 807,
    "totalRevenue": 807,
    "totalCost": 566,
    "profit": 241
  },
  {
    "id": 179,
    "productId": 47,
    "productName": "Brightening Day Cream 50ml",
    "category": "Skincare",
    "date": "2025-08-04",
    "unitsSold": 3,
    "costPrice": 746,
    "salePrice": 993,
    "totalRevenue": 2979,
    "totalCost": 2238,
    "profit": 741
  },
  {
    "id": 180,
    "productId": 123,
    "productName": "Blush Powder 1L",
    "category": "Cosmetics",
    "date": "2025-08-27",
    "unitsSold": 1,
    "costPrice": 604,
    "salePrice": 887,
    "totalRevenue": 887,
    "totalCost": 604,
    "profit": 283
  },
  {
    "id": 181,
    "productId": 181,
    "productName": "Hair Growth Serum 30ml",
    "category": "Haircare",
    "date": "2025-09-14",
    "unitsSold": 1,
    "costPrice": 498,
    "salePrice": 673,
    "totalRevenue": 673,
    "totalCost": 498,
    "profit": 175
  },
  {
    "id": 182,
    "productId": 182,
    "productName": "Color Protect Conditioner 200ml",
    "category": "Haircare",
    "date": "2025-10-28",
    "unitsSold": 3,
    "costPrice": 651,
    "salePrice": 899,
    "totalRevenue": 2697,
    "totalCost": 1953,
    "profit": 744
  },
  {
    "id": 183,
    "productId": 132,
    "productName": "Makeup Sponge 30ml",
    "category": "Cosmetics",
    "date": "2025-08-04",
    "unitsSold": 5,
    "costPrice": 339,
    "salePrice": 501,
    "totalRevenue": 2505,
    "totalCost": 1695,
    "profit": 810
  },
  {
    "id": 184,
    "productId": 200,
    "productName": "Hair Styling Gel 30ml",
    "category": "Haircare",
    "date": "2025-10-17",
    "unitsSold": 7,
    "costPrice": 325,
    "salePrice": 434,
    "totalRevenue": 3038,
    "totalCost": 2275,
    "profit": 763
  },
  {
    "id": 185,
    "productId": 37,
    "productName": "Peel Off Mask 50ml",
    "category": "Skincare",
    "date": "2025-10-17",
    "unitsSold": 1,
    "costPrice": 168,
    "salePrice": 220,
    "totalRevenue": 220,
    "totalCost": 168,
    "profit": 52
  },
  {
    "id": 186,
    "productId": 174,
    "productName": "Hair Serum 250ml",
    "category": "Haircare",
    "date": "2025-08-18",
    "unitsSold": 4,
    "costPrice": 677,
    "salePrice": 892,
    "totalRevenue": 3568,
    "totalCost": 2708,
    "profit": 860
  },
  {
    "id": 187,
    "productId": 198,
    "productName": "Protein Hair Mask 100ml",
    "category": "Haircare",
    "date": "2025-09-19",
    "unitsSold": 10,
    "costPrice": 855,
    "salePrice": 1123,
    "totalRevenue": 11230,
    "totalCost": 8550,
    "profit": 2680
  },
  {
    "id": 188,
    "productId": 33,
    "productName": "Oil-Free Moisturizer 200ml",
    "category": "Skincare",
    "date": "2025-09-03",
    "unitsSold": 10,
    "costPrice": 285,
    "salePrice": 411,
    "totalRevenue": 4110,
    "totalCost": 2850,
    "profit": 1260
  },
  {
    "id": 189,
    "productId": 38,
    "productName": "Acne Control Gel 500ml",
    "category": "Skincare",
    "date": "2025-09-02",
    "unitsSold": 4,
    "costPrice": 216,
    "salePrice": 312,
    "totalRevenue": 1248,
    "totalCost": 864,
    "profit": 384
  },
  {
    "id": 190,
    "productId": 2,
    "productName": "Charcoal Face Mask 200ml",
    "category": "Skincare",
    "date": "2025-08-12",
    "unitsSold": 6,
    "costPrice": 307,
    "salePrice": 440,
    "totalRevenue": 2640,
    "totalCost": 1842,
    "profit": 798
  },
  {
    "id": 191,
    "productId": 97,
    "productName": "Blush Powder 1L",
    "category": "Cosmetics",
    "date": "2025-10-02",
    "unitsSold": 10,
    "costPrice": 583,
    "salePrice": 867,
    "totalRevenue": 8670,
    "totalCost": 5830,
    "profit": 2840
  },
  {
    "id": 192,
    "productId": 113,
    "productName": "Eyeshadow Palette 250ml",
    "category": "Cosmetics",
    "date": "2025-10-10",
    "unitsSold": 8,
    "costPrice": 299,
    "salePrice": 405,
    "totalRevenue": 3240,
    "totalCost": 2392,
    "profit": 848
  },
  {
    "id": 193,
    "productId": 144,
    "productName": "Contour Stick 1L",
    "category": "Cosmetics",
    "date": "2025-09-07",
    "unitsSold": 9,
    "costPrice": 540,
    "salePrice": 802,
    "totalRevenue": 7218,
    "totalCost": 4860,
    "profit": 2358
  },
  {
    "id": 194,
    "productId": 80,
    "productName": "Charcoal Face Mask 100ml",
    "category": "Skincare",
    "date": "2025-10-25",
    "unitsSold": 10,
    "costPrice": 492,
    "salePrice": 679,
    "totalRevenue": 6790,
    "totalCost": 4920,
    "profit": 1870
  },
  {
    "id": 195,
    "productId": 63,
    "productName": "Vitamin C Face Wash 250ml",
    "category": "Skincare",
    "date": "2025-09-27",
    "unitsSold": 7,
    "costPrice": 435,
    "salePrice": 618,
    "totalRevenue": 4326,
    "totalCost": 3045,
    "profit": 1281
  },
  {
    "id": 196,
    "productId": 158,
    "productName": "Concealer Stick 250ml",
    "category": "Cosmetics",
    "date": "2025-09-24",
    "unitsSold": 10,
    "costPrice": 679,
    "salePrice": 938,
    "totalRevenue": 9380,
    "totalCost": 6790,
    "profit": 2590
  },
  {
    "id": 197,
    "productId": 32,
    "productName": "Aloe Vera Moisturizer 200ml",
    "category": "Skincare",
    "date": "2025-09-07",
    "unitsSold": 1,
    "costPrice": 375,
    "salePrice": 509,
    "totalRevenue": 509,
    "totalCost": 375,
    "profit": 134
  },
  {
    "id": 198,
    "productId": 155,
    "productName": "Contour Stick 100ml",
    "category": "Cosmetics",
    "date": "2025-08-15",
    "unitsSold": 1,
    "costPrice": 453,
    "salePrice": 666,
    "totalRevenue": 666,
    "totalCost": 453,
    "profit": 213
  },
  {
    "id": 199,
    "productId": 192,
    "productName": "Hair Growth Serum 500ml",
    "category": "Haircare",
    "date": "2025-10-28",
    "unitsSold": 5,
    "costPrice": 406,
    "salePrice": 512,
    "totalRevenue": 2560,
    "totalCost": 2030,
    "profit": 530
  },
  {
    "id": 200,
    "productId": 56,
    "productName": "Vitamin C Face Wash 1L",
    "category": "Skincare",
    "date": "2025-08-23",
    "unitsSold": 1,
    "costPrice": 749,
    "salePrice": 1005,
    "totalRevenue": 1005,
    "totalCost": 749,
    "profit": 256
  },
  {
    "id": 201,
    "productId": 157,
    "productName": "Lip Gloss 50ml",
    "category": "Cosmetics",
    "date": "2025-10-12",
    "unitsSold": 5,
    "costPrice": 410,
    "salePrice": 585,
    "totalRevenue": 2925,
    "totalCost": 2050,
    "profit": 875
  },
  {
    "id": 202,
    "productId": 187,
    "productName": "Hair Detangler Spray 500ml",
    "category": "Haircare",
    "date": "2025-10-22",
    "unitsSold": 9,
    "costPrice": 583,
    "salePrice": 758,
    "totalRevenue": 6822,
    "totalCost": 5247,
    "profit": 1575
  },
  {
    "id": 203,
    "productId": 16,
    "productName": "Rose Water Toner 50ml",
    "category": "Skincare",
    "date": "2025-08-02",
    "unitsSold": 3,
    "costPrice": 734,
    "salePrice": 1012,
    "totalRevenue": 3036,
    "totalCost": 2202,
    "profit": 834
  },
  {
    "id": 204,
    "productId": 75,
    "productName": "Hyaluronic Acid Serum 1L",
    "category": "Skincare",
    "date": "2025-09-18",
    "unitsSold": 2,
    "costPrice": 887,
    "salePrice": 1151,
    "totalRevenue": 2302,
    "totalCost": 1774,
    "profit": 528
  },
  {
    "id": 205,
    "productId": 113,
    "productName": "Eyeshadow Palette 250ml",
    "category": "Cosmetics",
    "date": "2025-08-23",
    "unitsSold": 1,
    "costPrice": 299,
    "salePrice": 405,
    "totalRevenue": 405,
    "totalCost": 299,
    "profit": 106
  },
  {
    "id": 206,
    "productId": 162,
    "productName": "Scalp Tonic 100ml",
    "category": "Haircare",
    "date": "2025-08-22",
    "unitsSold": 7,
    "costPrice": 530,
    "salePrice": 675,
    "totalRevenue": 4725,
    "totalCost": 3710,
    "profit": 1015
  },
  {
    "id": 207,
    "productId": 179,
    "productName": "Argan Hair Oil 200ml",
    "category": "Haircare",
    "date": "2025-09-18",
    "unitsSold": 4,
    "costPrice": 649,
    "salePrice": 866,
    "totalRevenue": 3464,
    "totalCost": 2596,
    "profit": 868
  },
  {
    "id": 208,
    "productId": 103,
    "productName": "BB Cream 200ml",
    "category": "Cosmetics",
    "date": "2025-09-20",
    "unitsSold": 5,
    "costPrice": 626,
    "salePrice": 829,
    "totalRevenue": 4145,
    "totalCost": 3130,
    "profit": 1015
  },
  {
    "id": 209,
    "productId": 150,
    "productName": "Makeup Remover 200ml",
    "category": "Cosmetics",
    "date": "2025-08-19",
    "unitsSold": 2,
    "costPrice": 158,
    "salePrice": 220,
    "totalRevenue": 440,
    "totalCost": 316,
    "profit": 124
  },
  {
    "id": 210,
    "productId": 187,
    "productName": "Hair Detangler Spray 500ml",
    "category": "Haircare",
    "date": "2025-10-17",
    "unitsSold": 9,
    "costPrice": 583,
    "salePrice": 758,
    "totalRevenue": 6822,
    "totalCost": 5247,
    "profit": 1575
  },
  {
    "id": 211,
    "productId": 131,
    "productName": "Setting Spray 200ml",
    "category": "Cosmetics",
    "date": "2025-09-06",
    "unitsSold": 1,
    "costPrice": 663,
    "salePrice": 868,
    "totalRevenue": 868,
    "totalCost": 663,
    "profit": 205
  },
  {
    "id": 212,
    "productId": 72,
    "productName": "Under Eye Cream 100ml",
    "category": "Skincare",
    "date": "2025-08-08",
    "unitsSold": 8,
    "costPrice": 763,
    "salePrice": 987,
    "totalRevenue": 7896,
    "totalCost": 6104,
    "profit": 1792
  },
  {
    "id": 213,
    "productId": 19,
    "productName": "Hydrating Face Serum 1L",
    "category": "Skincare",
    "date": "2025-10-16",
    "unitsSold": 5,
    "costPrice": 784,
    "salePrice": 980,
    "totalRevenue": 4900,
    "totalCost": 3920,
    "profit": 980
  },
  {
    "id": 214,
    "productId": 86,
    "productName": "Sunscreen SPF 50 1L",
    "category": "Skincare",
    "date": "2025-10-12",
    "unitsSold": 6,
    "costPrice": 357,
    "salePrice": 464,
    "totalRevenue": 2784,
    "totalCost": 2142,
    "profit": 642
  },
  {
    "id": 215,
    "productId": 57,
    "productName": "Anti-Aging Night Cream 100ml",
    "category": "Skincare",
    "date": "2025-10-11",
    "unitsSold": 2,
    "costPrice": 492,
    "salePrice": 702,
    "totalRevenue": 1404,
    "totalCost": 984,
    "profit": 420
  },
  {
    "id": 216,
    "productId": 64,
    "productName": "Brightening Day Cream 100ml",
    "category": "Skincare",
    "date": "2025-10-10",
    "unitsSold": 8,
    "costPrice": 251,
    "salePrice": 339,
    "totalRevenue": 2712,
    "totalCost": 2008,
    "profit": 704
  },
  {
    "id": 217,
    "productId": 139,
    "productName": "Matte Finish Lipstick 1L",
    "category": "Cosmetics",
    "date": "2025-10-23",
    "unitsSold": 3,
    "costPrice": 223,
    "salePrice": 327,
    "totalRevenue": 981,
    "totalCost": 669,
    "profit": 312
  },
  {
    "id": 218,
    "productId": 135,
    "productName": "Setting Spray 1L",
    "category": "Cosmetics",
    "date": "2025-08-01",
    "unitsSold": 1,
    "costPrice": 106,
    "salePrice": 154,
    "totalRevenue": 154,
    "totalCost": 106,
    "profit": 48
  },
  {
    "id": 219,
    "productId": 196,
    "productName": "Repair Oil Blend 200ml",
    "category": "Haircare",
    "date": "2025-10-16",
    "unitsSold": 5,
    "costPrice": 908,
    "salePrice": 1194,
    "totalRevenue": 5970,
    "totalCost": 4540,
    "profit": 1430
  },
  {
    "id": 220,
    "productId": 57,
    "productName": "Anti-Aging Night Cream 100ml",
    "category": "Skincare",
    "date": "2025-09-26",
    "unitsSold": 10,
    "costPrice": 492,
    "salePrice": 702,
    "totalRevenue": 7020,
    "totalCost": 4920,
    "profit": 2100
  },
  {
    "id": 221,
    "productId": 48,
    "productName": "Exfoliating Scrub 200ml",
    "category": "Skincare",
    "date": "2025-09-25",
    "unitsSold": 1,
    "costPrice": 680,
    "salePrice": 923,
    "totalRevenue": 923,
    "totalCost": 680,
    "profit": 243
  },
  {
    "id": 222,
    "productId": 160,
    "productName": "Liquid Eyeliner 30ml",
    "category": "Cosmetics",
    "date": "2025-09-21",
    "unitsSold": 3,
    "costPrice": 527,
    "salePrice": 769,
    "totalRevenue": 2307,
    "totalCost": 1581,
    "profit": 726
  },
  {
    "id": 223,
    "productId": 129,
    "productName": "Liquid Eyeliner 50ml",
    "category": "Cosmetics",
    "date": "2025-10-11",
    "unitsSold": 7,
    "costPrice": 423,
    "salePrice": 596,
    "totalRevenue": 4172,
    "totalCost": 2961,
    "profit": 1211
  },
  {
    "id": 224,
    "productId": 46,
    "productName": "Peel Off Mask 1L",
    "category": "Skincare",
    "date": "2025-10-26",
    "unitsSold": 7,
    "costPrice": 438,
    "salePrice": 615,
    "totalRevenue": 4305,
    "totalCost": 3066,
    "profit": 1239
  },
  {
    "id": 225,
    "productId": 158,
    "productName": "Concealer Stick 250ml",
    "category": "Cosmetics",
    "date": "2025-10-20",
    "unitsSold": 3,
    "costPrice": 679,
    "salePrice": 938,
    "totalRevenue": 2814,
    "totalCost": 2037,
    "profit": 777
  },
  {
    "id": 226,
    "productId": 32,
    "productName": "Aloe Vera Moisturizer 200ml",
    "category": "Skincare",
    "date": "2025-10-22",
    "unitsSold": 5,
    "costPrice": 375,
    "salePrice": 509,
    "totalRevenue": 2545,
    "totalCost": 1875,
    "profit": 670
  },
  {
    "id": 227,
    "productId": 125,
    "productName": "Kajal Pencil 100ml",
    "category": "Cosmetics",
    "date": "2025-10-29",
    "unitsSold": 5,
    "costPrice": 114,
    "salePrice": 155,
    "totalRevenue": 775,
    "totalCost": 570,
    "profit": 205
  },
  {
    "id": 228,
    "productId": 164,
    "productName": "Hair Strengthening Conditioner 250ml",
    "category": "Haircare",
    "date": "2025-08-01",
    "unitsSold": 8,
    "costPrice": 356,
    "salePrice": 471,
    "totalRevenue": 3768,
    "totalCost": 2848,
    "profit": 920
  },
  {
    "id": 229,
    "productId": 68,
    "productName": "Aloe Vera Moisturizer 500ml",
    "category": "Skincare",
    "date": "2025-09-21",
    "unitsSold": 4,
    "costPrice": 156,
    "salePrice": 222,
    "totalRevenue": 888,
    "totalCost": 624,
    "profit": 264
  },
  {
    "id": 230,
    "productId": 114,
    "productName": "BB Cream 1L",
    "category": "Cosmetics",
    "date": "2025-08-17",
    "unitsSold": 9,
    "costPrice": 365,
    "salePrice": 539,
    "totalRevenue": 4851,
    "totalCost": 3285,
    "profit": 1566
  },
  {
    "id": 231,
    "productId": 173,
    "productName": "Color Protect Conditioner 1L",
    "category": "Haircare",
    "date": "2025-09-21",
    "unitsSold": 8,
    "costPrice": 924,
    "salePrice": 1191,
    "totalRevenue": 9528,
    "totalCost": 7392,
    "profit": 2136
  },
  {
    "id": 232,
    "productId": 29,
    "productName": "Clay Mask 500ml",
    "category": "Skincare",
    "date": "2025-10-10",
    "unitsSold": 9,
    "costPrice": 898,
    "salePrice": 1159,
    "totalRevenue": 10431,
    "totalCost": 8082,
    "profit": 2349
  },
  {
    "id": 233,
    "productId": 188,
    "productName": "Nourishing Hair Cream 250ml",
    "category": "Haircare",
    "date": "2025-08-22",
    "unitsSold": 9,
    "costPrice": 406,
    "salePrice": 514,
    "totalRevenue": 4626,
    "totalCost": 3654,
    "profit": 972
  },
  {
    "id": 234,
    "productId": 59,
    "productName": "Clay Mask 100ml",
    "category": "Skincare",
    "date": "2025-10-08",
    "unitsSold": 1,
    "costPrice": 755,
    "salePrice": 955,
    "totalRevenue": 955,
    "totalCost": 755,
    "profit": 200
  },
  {
    "id": 235,
    "productId": 17,
    "productName": "Exfoliating Scrub 50ml",
    "category": "Skincare",
    "date": "2025-09-28",
    "unitsSold": 8,
    "costPrice": 393,
    "salePrice": 512,
    "totalRevenue": 4096,
    "totalCost": 3144,
    "profit": 952
  },
  {
    "id": 236,
    "productId": 136,
    "productName": "Foundation Liquid 30ml",
    "category": "Cosmetics",
    "date": "2025-10-31",
    "unitsSold": 7,
    "costPrice": 411,
    "salePrice": 602,
    "totalRevenue": 4214,
    "totalCost": 2877,
    "profit": 1337
  },
  {
    "id": 237,
    "productId": 31,
    "productName": "Nourishing Face Cream 200ml",
    "category": "Skincare",
    "date": "2025-08-30",
    "unitsSold": 9,
    "costPrice": 732,
    "salePrice": 1031,
    "totalRevenue": 9279,
    "totalCost": 6588,
    "profit": 2691
  },
  {
    "id": 238,
    "productId": 165,
    "productName": "Argan Hair Oil 1L",
    "category": "Haircare",
    "date": "2025-09-07",
    "unitsSold": 8,
    "costPrice": 145,
    "salePrice": 197,
    "totalRevenue": 1576,
    "totalCost": 1160,
    "profit": 416
  },
  {
    "id": 239,
    "productId": 58,
    "productName": "Vitamin C Face Wash 50ml",
    "category": "Skincare",
    "date": "2025-09-27",
    "unitsSold": 6,
    "costPrice": 156,
    "salePrice": 216,
    "totalRevenue": 1296,
    "totalCost": 936,
    "profit": 360
  },
  {
    "id": 240,
    "productId": 93,
    "productName": "Tinted Lip Balm 30ml",
    "category": "Cosmetics",
    "date": "2025-09-21",
    "unitsSold": 8,
    "costPrice": 514,
    "salePrice": 688,
    "totalRevenue": 5504,
    "totalCost": 4112,
    "profit": 1392
  },
  {
    "id": 241,
    "productId": 96,
    "productName": "Highlighter Palette 500ml",
    "category": "Cosmetics",
    "date": "2025-09-30",
    "unitsSold": 4,
    "costPrice": 407,
    "salePrice": 546,
    "totalRevenue": 2184,
    "totalCost": 1628,
    "profit": 556
  },
  {
    "id": 242,
    "productId": 144,
    "productName": "Contour Stick 1L",
    "category": "Cosmetics",
    "date": "2025-08-21",
    "unitsSold": 4,
    "costPrice": 540,
    "salePrice": 802,
    "totalRevenue": 3208,
    "totalCost": 2160,
    "profit": 1048
  },
  {
    "id": 243,
    "productId": 130,
    "productName": "Highlighter Palette 250ml",
    "category": "Cosmetics",
    "date": "2025-08-25",
    "unitsSold": 10,
    "costPrice": 329,
    "salePrice": 483,
    "totalRevenue": 4830,
    "totalCost": 3290,
    "profit": 1540
  },
  {
    "id": 244,
    "productId": 80,
    "productName": "Charcoal Face Mask 100ml",
    "category": "Skincare",
    "date": "2025-09-16",
    "unitsSold": 1,
    "costPrice": 492,
    "salePrice": 679,
    "totalRevenue": 679,
    "totalCost": 492,
    "profit": 187
  },
  {
    "id": 245,
    "productId": 189,
    "productName": "Smoothening Shampoo 500ml",
    "category": "Haircare",
    "date": "2025-09-16",
    "unitsSold": 3,
    "costPrice": 164,
    "salePrice": 212,
    "totalRevenue": 636,
    "totalCost": 492,
    "profit": 144
  },
  {
    "id": 246,
    "productId": 88,
    "productName": "Hyaluronic Acid Serum 100ml",
    "category": "Skincare",
    "date": "2025-10-01",
    "unitsSold": 1,
    "costPrice": 312,
    "salePrice": 437,
    "totalRevenue": 437,
    "totalCost": 312,
    "profit": 125
  },
  {
    "id": 247,
    "productId": 110,
    "productName": "Volumizing Mascara 30ml",
    "category": "Cosmetics",
    "date": "2025-09-21",
    "unitsSold": 2,
    "costPrice": 454,
    "salePrice": 666,
    "totalRevenue": 1332,
    "totalCost": 908,
    "profit": 424
  },
  {
    "id": 248,
    "productId": 35,
    "productName": "Charcoal Face Mask 500ml",
    "category": "Skincare",
    "date": "2025-09-26",
    "unitsSold": 9,
    "costPrice": 343,
    "salePrice": 472,
    "totalRevenue": 4248,
    "totalCost": 3087,
    "profit": 1161
  },
  {
    "id": 249,
    "productId": 99,
    "productName": "Lip Gloss 1L",
    "category": "Cosmetics",
    "date": "2025-09-20",
    "unitsSold": 5,
    "costPrice": 193,
    "salePrice": 258,
    "totalRevenue": 1290,
    "totalCost": 965,
    "profit": 325
  },
  {
    "id": 250,
    "productId": 54,
    "productName": "Aloe Vera Moisturizer 1L",
    "category": "Skincare",
    "date": "2025-09-17",
    "unitsSold": 1,
    "costPrice": 403,
    "salePrice": 544,
    "totalRevenue": 544,
    "totalCost": 403,
    "profit": 141
  },
  {
    "id": 251,
    "productId": 103,
    "productName": "BB Cream 200ml",
    "category": "Cosmetics",
    "date": "2025-08-21",
    "unitsSold": 10,
    "costPrice": 626,
    "salePrice": 829,
    "totalRevenue": 8290,
    "totalCost": 6260,
    "profit": 2030
  },
  {
    "id": 252,
    "productId": 156,
    "productName": "Kajal Pencil 500ml",
    "category": "Cosmetics",
    "date": "2025-08-30",
    "unitsSold": 7,
    "costPrice": 420,
    "salePrice": 598,
    "totalRevenue": 4186,
    "totalCost": 2940,
    "profit": 1246
  },
  {
    "id": 253,
    "productId": 190,
    "productName": "Nourishing Hair Cream 100ml",
    "category": "Haircare",
    "date": "2025-10-03",
    "unitsSold": 5,
    "costPrice": 773,
    "salePrice": 1073,
    "totalRevenue": 5365,
    "totalCost": 3865,
    "profit": 1500
  },
  {
    "id": 254,
    "productId": 84,
    "productName": "Gentle Toner 100ml",
    "category": "Skincare",
    "date": "2025-08-07",
    "unitsSold": 6,
    "costPrice": 247,
    "salePrice": 352,
    "totalRevenue": 2112,
    "totalCost": 1482,
    "profit": 630
  },
  {
    "id": 255,
    "productId": 64,
    "productName": "Brightening Day Cream 100ml",
    "category": "Skincare",
    "date": "2025-09-11",
    "unitsSold": 4,
    "costPrice": 251,
    "salePrice": 339,
    "totalRevenue": 1356,
    "totalCost": 1004,
    "profit": 352
  },
  {
    "id": 256,
    "productId": 67,
    "productName": "Exfoliating Scrub 30ml",
    "category": "Skincare",
    "date": "2025-08-06",
    "unitsSold": 7,
    "costPrice": 318,
    "salePrice": 460,
    "totalRevenue": 3220,
    "totalCost": 2226,
    "profit": 994
  },
  {
    "id": 257,
    "productId": 146,
    "productName": "Kajal Pencil 50ml",
    "category": "Cosmetics",
    "date": "2025-10-09",
    "unitsSold": 1,
    "costPrice": 607,
    "salePrice": 906,
    "totalRevenue": 906,
    "totalCost": 607,
    "profit": 299
  },
  {
    "id": 258,
    "productId": 175,
    "productName": "Hair Serum 1L",
    "category": "Haircare",
    "date": "2025-08-16",
    "unitsSold": 6,
    "costPrice": 359,
    "salePrice": 488,
    "totalRevenue": 2928,
    "totalCost": 2154,
    "profit": 774
  },
  {
    "id": 259,
    "productId": 150,
    "productName": "Makeup Remover 200ml",
    "category": "Cosmetics",
    "date": "2025-09-21",
    "unitsSold": 6,
    "costPrice": 158,
    "salePrice": 220,
    "totalRevenue": 1320,
    "totalCost": 948,
    "profit": 372
  },
  {
    "id": 260,
    "productId": 186,
    "productName": "Anti-Dandruff Shampoo 1L",
    "category": "Haircare",
    "date": "2025-10-11",
    "unitsSold": 8,
    "costPrice": 945,
    "salePrice": 1199,
    "totalRevenue": 9592,
    "totalCost": 7560,
    "profit": 2032
  },
  {
    "id": 261,
    "productId": 54,
    "productName": "Aloe Vera Moisturizer 1L",
    "category": "Skincare",
    "date": "2025-10-03",
    "unitsSold": 1,
    "costPrice": 403,
    "salePrice": 544,
    "totalRevenue": 544,
    "totalCost": 403,
    "profit": 141
  },
  {
    "id": 262,
    "productId": 98,
    "productName": "BB Cream 50ml",
    "category": "Cosmetics",
    "date": "2025-09-02",
    "unitsSold": 7,
    "costPrice": 408,
    "salePrice": 575,
    "totalRevenue": 4025,
    "totalCost": 2856,
    "profit": 1169
  },
  {
    "id": 263,
    "productId": 43,
    "productName": "Brightening Day Cream 1L",
    "category": "Skincare",
    "date": "2025-09-14",
    "unitsSold": 7,
    "costPrice": 365,
    "salePrice": 486,
    "totalRevenue": 3402,
    "totalCost": 2555,
    "profit": 847
  },
  {
    "id": 264,
    "productId": 132,
    "productName": "Makeup Sponge 30ml",
    "category": "Cosmetics",
    "date": "2025-10-29",
    "unitsSold": 9,
    "costPrice": 339,
    "salePrice": 501,
    "totalRevenue": 4509,
    "totalCost": 3051,
    "profit": 1458
  },
  {
    "id": 265,
    "productId": 42,
    "productName": "Charcoal Face Mask 100ml",
    "category": "Skincare",
    "date": "2025-08-01",
    "unitsSold": 1,
    "costPrice": 158,
    "salePrice": 225,
    "totalRevenue": 225,
    "totalCost": 158,
    "profit": 67
  },
  {
    "id": 266,
    "productId": 159,
    "productName": "Concealer Stick 500ml",
    "category": "Cosmetics",
    "date": "2025-08-09",
    "unitsSold": 9,
    "costPrice": 106,
    "salePrice": 151,
    "totalRevenue": 1359,
    "totalCost": 954,
    "profit": 405
  },
  {
    "id": 267,
    "productId": 141,
    "productName": "Makeup Remover 100ml",
    "category": "Cosmetics",
    "date": "2025-08-02",
    "unitsSold": 8,
    "costPrice": 532,
    "salePrice": 727,
    "totalRevenue": 5816,
    "totalCost": 4256,
    "profit": 1560
  },
  {
    "id": 268,
    "productId": 99,
    "productName": "Lip Gloss 1L",
    "category": "Cosmetics",
    "date": "2025-08-04",
    "unitsSold": 2,
    "costPrice": 193,
    "salePrice": 258,
    "totalRevenue": 516,
    "totalCost": 386,
    "profit": 130
  },
  {
    "id": 269,
    "productId": 68,
    "productName": "Aloe Vera Moisturizer 500ml",
    "category": "Skincare",
    "date": "2025-09-26",
    "unitsSold": 1,
    "costPrice": 156,
    "salePrice": 222,
    "totalRevenue": 222,
    "totalCost": 156,
    "profit": 66
  },
  {
    "id": 270,
    "productId": 136,
    "productName": "Foundation Liquid 30ml",
    "category": "Cosmetics",
    "date": "2025-09-30",
    "unitsSold": 8,
    "costPrice": 411,
    "salePrice": 602,
    "totalRevenue": 4816,
    "totalCost": 3288,
    "profit": 1528
  },
  {
    "id": 271,
    "productId": 169,
    "productName": "Hair Detangler Spray 250ml",
    "category": "Haircare",
    "date": "2025-10-22",
    "unitsSold": 8,
    "costPrice": 879,
    "salePrice": 1183,
    "totalRevenue": 9464,
    "totalCost": 7032,
    "profit": 2432
  },
  {
    "id": 272,
    "productId": 114,
    "productName": "BB Cream 1L",
    "category": "Cosmetics",
    "date": "2025-09-27",
    "unitsSold": 10,
    "costPrice": 365,
    "salePrice": 539,
    "totalRevenue": 5390,
    "totalCost": 3650,
    "profit": 1740
  },
  {
    "id": 273,
    "productId": 152,
    "productName": "Blush Powder 30ml",
    "category": "Cosmetics",
    "date": "2025-09-22",
    "unitsSold": 8,
    "costPrice": 469,
    "salePrice": 668,
    "totalRevenue": 5344,
    "totalCost": 3752,
    "profit": 1592
  },
  {
    "id": 274,
    "productId": 11,
    "productName": "Sunscreen SPF 50 250ml",
    "category": "Skincare",
    "date": "2025-09-29",
    "unitsSold": 7,
    "costPrice": 617,
    "salePrice": 788,
    "totalRevenue": 5516,
    "totalCost": 4319,
    "profit": 1197
  },
  {
    "id": 275,
    "productId": 186,
    "productName": "Anti-Dandruff Shampoo 1L",
    "category": "Haircare",
    "date": "2025-10-11",
    "unitsSold": 2,
    "costPrice": 945,
    "salePrice": 1199,
    "totalRevenue": 2398,
    "totalCost": 1890,
    "profit": 508
  },
  {
    "id": 276,
    "productId": 98,
    "productName": "BB Cream 50ml",
    "category": "Cosmetics",
    "date": "2025-08-14",
    "unitsSold": 1,
    "costPrice": 408,
    "salePrice": 575,
    "totalRevenue": 575,
    "totalCost": 408,
    "profit": 167
  },
  {
    "id": 277,
    "productId": 181,
    "productName": "Hair Growth Serum 30ml",
    "category": "Haircare",
    "date": "2025-10-13",
    "unitsSold": 2,
    "costPrice": 498,
    "salePrice": 673,
    "totalRevenue": 1346,
    "totalCost": 996,
    "profit": 350
  },
  {
    "id": 278,
    "productId": 141,
    "productName": "Makeup Remover 100ml",
    "category": "Cosmetics",
    "date": "2025-10-15",
    "unitsSold": 5,
    "costPrice": 532,
    "salePrice": 727,
    "totalRevenue": 3635,
    "totalCost": 2660,
    "profit": 975
  },
  {
    "id": 279,
    "productId": 189,
    "productName": "Smoothening Shampoo 500ml",
    "category": "Haircare",
    "date": "2025-09-11",
    "unitsSold": 2,
    "costPrice": 164,
    "salePrice": 212,
    "totalRevenue": 424,
    "totalCost": 328,
    "profit": 96
  },
  {
    "id": 280,
    "productId": 178,
    "productName": "Curl Defining Cream 200ml",
    "category": "Haircare",
    "date": "2025-09-22",
    "unitsSold": 6,
    "costPrice": 347,
    "salePrice": 450,
    "totalRevenue": 2700,
    "totalCost": 2082,
    "profit": 618
  },
  {
    "id": 281,
    "productId": 17,
    "productName": "Exfoliating Scrub 50ml",
    "category": "Skincare",
    "date": "2025-10-15",
    "unitsSold": 1,
    "costPrice": 393,
    "salePrice": 512,
    "totalRevenue": 512,
    "totalCost": 393,
    "profit": 119
  },
  {
    "id": 282,
    "productId": 187,
    "productName": "Hair Detangler Spray 500ml",
    "category": "Haircare",
    "date": "2025-08-06",
    "unitsSold": 4,
    "costPrice": 583,
    "salePrice": 758,
    "totalRevenue": 3032,
    "totalCost": 2332,
    "profit": 700
  },
  {
    "id": 283,
    "productId": 134,
    "productName": "Foundation Liquid 50ml",
    "category": "Cosmetics",
    "date": "2025-09-12",
    "unitsSold": 1,
    "costPrice": 180,
    "salePrice": 237,
    "totalRevenue": 237,
    "totalCost": 180,
    "profit": 57
  },
  {
    "id": 284,
    "productId": 129,
    "productName": "Liquid Eyeliner 50ml",
    "category": "Cosmetics",
    "date": "2025-09-04",
    "unitsSold": 2,
    "costPrice": 423,
    "salePrice": 596,
    "totalRevenue": 1192,
    "totalCost": 846,
    "profit": 346
  },
  {
    "id": 285,
    "productId": 180,
    "productName": "Hair Strengthening Conditioner 200ml",
    "category": "Haircare",
    "date": "2025-10-26",
    "unitsSold": 4,
    "costPrice": 554,
    "salePrice": 728,
    "totalRevenue": 2912,
    "totalCost": 2216,
    "profit": 696
  },
  {
    "id": 286,
    "productId": 66,
    "productName": "Rose Water Toner 100ml",
    "category": "Skincare",
    "date": "2025-08-29",
    "unitsSold": 10,
    "costPrice": 725,
    "salePrice": 918,
    "totalRevenue": 9180,
    "totalCost": 7250,
    "profit": 1930
  },
  {
    "id": 287,
    "productId": 1,
    "productName": "Exfoliating Scrub 500ml",
    "category": "Skincare",
    "date": "2025-08-10",
    "unitsSold": 3,
    "costPrice": 181,
    "salePrice": 249,
    "totalRevenue": 747,
    "totalCost": 543,
    "profit": 204
  },
  {
    "id": 288,
    "productId": 104,
    "productName": "Contour Stick 50ml",
    "category": "Cosmetics",
    "date": "2025-08-25",
    "unitsSold": 3,
    "costPrice": 228,
    "salePrice": 320,
    "totalRevenue": 960,
    "totalCost": 684,
    "profit": 276
  },
  {
    "id": 289,
    "productId": 188,
    "productName": "Nourishing Hair Cream 250ml",
    "category": "Haircare",
    "date": "2025-09-16",
    "unitsSold": 9,
    "costPrice": 406,
    "salePrice": 514,
    "totalRevenue": 4626,
    "totalCost": 3654,
    "profit": 972
  },
  {
    "id": 290,
    "productId": 33,
    "productName": "Oil-Free Moisturizer 200ml",
    "category": "Skincare",
    "date": "2025-10-15",
    "unitsSold": 1,
    "costPrice": 285,
    "salePrice": 411,
    "totalRevenue": 411,
    "totalCost": 285,
    "profit": 126
  },
  {
    "id": 291,
    "productId": 32,
    "productName": "Aloe Vera Moisturizer 200ml",
    "category": "Skincare",
    "date": "2025-09-19",
    "unitsSold": 3,
    "costPrice": 375,
    "salePrice": 509,
    "totalRevenue": 1527,
    "totalCost": 1125,
    "profit": 402
  },
  {
    "id": 292,
    "productId": 61,
    "productName": "Rose Water Toner 50ml",
    "category": "Skincare",
    "date": "2025-10-19",
    "unitsSold": 10,
    "costPrice": 746,
    "salePrice": 992,
    "totalRevenue": 9920,
    "totalCost": 7460,
    "profit": 2460
  },
  {
    "id": 293,
    "productId": 29,
    "productName": "Clay Mask 500ml",
    "category": "Skincare",
    "date": "2025-09-17",
    "unitsSold": 10,
    "costPrice": 898,
    "salePrice": 1159,
    "totalRevenue": 11590,
    "totalCost": 8980,
    "profit": 2610
  },
  {
    "id": 294,
    "productId": 10,
    "productName": "Face Cleanser 1L",
    "category": "Skincare",
    "date": "2025-10-14",
    "unitsSold": 10,
    "costPrice": 720,
    "salePrice": 1036,
    "totalRevenue": 10360,
    "totalCost": 7200,
    "profit": 3160
  },
  {
    "id": 295,
    "productId": 175,
    "productName": "Hair Serum 1L",
    "category": "Haircare",
    "date": "2025-10-18",
    "unitsSold": 8,
    "costPrice": 359,
    "salePrice": 488,
    "totalRevenue": 3904,
    "totalCost": 2872,
    "profit": 1032
  },
  {
    "id": 296,
    "productId": 33,
    "productName": "Oil-Free Moisturizer 200ml",
    "category": "Skincare",
    "date": "2025-08-27",
    "unitsSold": 4,
    "costPrice": 285,
    "salePrice": 411,
    "totalRevenue": 1644,
    "totalCost": 1140,
    "profit": 504
  },
  {
    "id": 297,
    "productId": 191,
    "productName": "Nourishing Hair Cream 250ml",
    "category": "Haircare",
    "date": "2025-08-19",
    "unitsSold": 5,
    "costPrice": 458,
    "salePrice": 608,
    "totalRevenue": 3040,
    "totalCost": 2290,
    "profit": 750
  },
  {
    "id": 298,
    "productId": 96,
    "productName": "Highlighter Palette 500ml",
    "category": "Cosmetics",
    "date": "2025-09-07",
    "unitsSold": 1,
    "costPrice": 407,
    "salePrice": 546,
    "totalRevenue": 546,
    "totalCost": 407,
    "profit": 139
  },
  {
    "id": 299,
    "productId": 152,
    "productName": "Blush Powder 30ml",
    "category": "Cosmetics",
    "date": "2025-10-17",
    "unitsSold": 8,
    "costPrice": 469,
    "salePrice": 668,
    "totalRevenue": 5344,
    "totalCost": 3752,
    "profit": 1592
  },
  {
    "id": 300,
    "productId": 138,
    "productName": "Liquid Eyeliner 250ml",
    "category": "Cosmetics",
    "date": "2025-10-12",
    "unitsSold": 4,
    "costPrice": 425,
    "salePrice": 595,
    "totalRevenue": 2380,
    "totalCost": 1700,
    "profit": 680
  },
  {
    "id": 301,
    "productId": 156,
    "productName": "Kajal Pencil 500ml",
    "category": "Cosmetics",
    "date": "2025-08-01",
    "unitsSold": 4,
    "costPrice": 420,
    "salePrice": 598,
    "totalRevenue": 2392,
    "totalCost": 1680,
    "profit": 712
  },
  {
    "id": 302,
    "productId": 162,
    "productName": "Scalp Tonic 100ml",
    "category": "Haircare",
    "date": "2025-09-28",
    "unitsSold": 1,
    "costPrice": 530,
    "salePrice": 675,
    "totalRevenue": 675,
    "totalCost": 530,
    "profit": 145
  },
  {
    "id": 303,
    "productId": 164,
    "productName": "Hair Strengthening Conditioner 250ml",
    "category": "Haircare",
    "date": "2025-08-29",
    "unitsSold": 3,
    "costPrice": 356,
    "salePrice": 471,
    "totalRevenue": 1413,
    "totalCost": 1068,
    "profit": 345
  },
  {
    "id": 304,
    "productId": 170,
    "productName": "Color Protect Conditioner 50ml",
    "category": "Haircare",
    "date": "2025-08-16",
    "unitsSold": 4,
    "costPrice": 260,
    "salePrice": 354,
    "totalRevenue": 1416,
    "totalCost": 1040,
    "profit": 376
  },
  {
    "id": 305,
    "productId": 153,
    "productName": "Brow Pencil 50ml",
    "category": "Cosmetics",
    "date": "2025-10-03",
    "unitsSold": 3,
    "costPrice": 271,
    "salePrice": 353,
    "totalRevenue": 1059,
    "totalCost": 813,
    "profit": 246
  },
  {
    "id": 306,
    "productId": 87,
    "productName": "Acne Control Gel 1L",
    "category": "Skincare",
    "date": "2025-10-14",
    "unitsSold": 9,
    "costPrice": 675,
    "salePrice": 938,
    "totalRevenue": 8442,
    "totalCost": 6075,
    "profit": 2367
  },
  {
    "id": 307,
    "productId": 124,
    "productName": "BB Cream 30ml",
    "category": "Cosmetics",
    "date": "2025-10-08",
    "unitsSold": 5,
    "costPrice": 509,
    "salePrice": 697,
    "totalRevenue": 3485,
    "totalCost": 2545,
    "profit": 940
  },
  {
    "id": 308,
    "productId": 171,
    "productName": "Leave-In Conditioner 500ml",
    "category": "Haircare",
    "date": "2025-08-04",
    "unitsSold": 1,
    "costPrice": 453,
    "salePrice": 567,
    "totalRevenue": 567,
    "totalCost": 453,
    "profit": 114
  },
  {
    "id": 309,
    "productId": 46,
    "productName": "Peel Off Mask 1L",
    "category": "Skincare",
    "date": "2025-08-08",
    "unitsSold": 3,
    "costPrice": 438,
    "salePrice": 615,
    "totalRevenue": 1845,
    "totalCost": 1314,
    "profit": 531
  },
  {
    "id": 310,
    "productId": 42,
    "productName": "Charcoal Face Mask 100ml",
    "category": "Skincare",
    "date": "2025-09-11",
    "unitsSold": 4,
    "costPrice": 158,
    "salePrice": 225,
    "totalRevenue": 900,
    "totalCost": 632,
    "profit": 268
  },
  {
    "id": 311,
    "productId": 90,
    "productName": "Acne Control Gel 50ml",
    "category": "Skincare",
    "date": "2025-10-13",
    "unitsSold": 3,
    "costPrice": 877,
    "salePrice": 1098,
    "totalRevenue": 3294,
    "totalCost": 2631,
    "profit": 663
  },
  {
    "id": 312,
    "productId": 44,
    "productName": "Hydrating Face Serum 200ml",
    "category": "Skincare",
    "date": "2025-08-30",
    "unitsSold": 9,
    "costPrice": 517,
    "salePrice": 704,
    "totalRevenue": 6336,
    "totalCost": 4653,
    "profit": 1683
  },
  {
    "id": 313,
    "productId": 183,
    "productName": "Curl Defining Cream 50ml",
    "category": "Haircare",
    "date": "2025-08-11",
    "unitsSold": 6,
    "costPrice": 470,
    "salePrice": 611,
    "totalRevenue": 3666,
    "totalCost": 2820,
    "profit": 846
  },
  {
    "id": 314,
    "productId": 61,
    "productName": "Rose Water Toner 50ml",
    "category": "Skincare",
    "date": "2025-08-18",
    "unitsSold": 9,
    "costPrice": 746,
    "salePrice": 992,
    "totalRevenue": 8928,
    "totalCost": 6714,
    "profit": 2214
  },
  {
    "id": 315,
    "productId": 43,
    "productName": "Brightening Day Cream 1L",
    "category": "Skincare",
    "date": "2025-09-14",
    "unitsSold": 2,
    "costPrice": 365,
    "salePrice": 486,
    "totalRevenue": 972,
    "totalCost": 730,
    "profit": 242
  },
  {
    "id": 316,
    "productId": 68,
    "productName": "Aloe Vera Moisturizer 500ml",
    "category": "Skincare",
    "date": "2025-09-21",
    "unitsSold": 10,
    "costPrice": 156,
    "salePrice": 222,
    "totalRevenue": 2220,
    "totalCost": 1560,
    "profit": 660
  },
  {
    "id": 317,
    "productId": 158,
    "productName": "Concealer Stick 250ml",
    "category": "Cosmetics",
    "date": "2025-08-21",
    "unitsSold": 5,
    "costPrice": 679,
    "salePrice": 938,
    "totalRevenue": 4690,
    "totalCost": 3395,
    "profit": 1295
  },
  {
    "id": 318,
    "productId": 152,
    "productName": "Blush Powder 30ml",
    "category": "Cosmetics",
    "date": "2025-08-25",
    "unitsSold": 8,
    "costPrice": 469,
    "salePrice": 668,
    "totalRevenue": 5344,
    "totalCost": 3752,
    "profit": 1592
  },
  {
    "id": 319,
    "productId": 61,
    "productName": "Rose Water Toner 50ml",
    "category": "Skincare",
    "date": "2025-09-13",
    "unitsSold": 3,
    "costPrice": 746,
    "salePrice": 992,
    "totalRevenue": 2976,
    "totalCost": 2238,
    "profit": 738
  },
  {
    "id": 320,
    "productId": 132,
    "productName": "Makeup Sponge 30ml",
    "category": "Cosmetics",
    "date": "2025-08-09",
    "unitsSold": 9,
    "costPrice": 339,
    "salePrice": 501,
    "totalRevenue": 4509,
    "totalCost": 3051,
    "profit": 1458
  },
  {
    "id": 321,
    "productId": 101,
    "productName": "Setting Spray 100ml",
    "category": "Cosmetics",
    "date": "2025-09-08",
    "unitsSold": 6,
    "costPrice": 313,
    "salePrice": 411,
    "totalRevenue": 2466,
    "totalCost": 1878,
    "profit": 588
  },
  {
    "id": 322,
    "productId": 115,
    "productName": "Setting Spray 1L",
    "category": "Cosmetics",
    "date": "2025-10-02",
    "unitsSold": 4,
    "costPrice": 411,
    "salePrice": 595,
    "totalRevenue": 2380,
    "totalCost": 1644,
    "profit": 736
  },
  {
    "id": 323,
    "productId": 50,
    "productName": "Face Oil 100ml",
    "category": "Skincare",
    "date": "2025-08-26",
    "unitsSold": 8,
    "costPrice": 470,
    "salePrice": 653,
    "totalRevenue": 5224,
    "totalCost": 3760,
    "profit": 1464
  },
  {
    "id": 324,
    "productId": 4,
    "productName": "Aloe Vera Moisturizer 100ml",
    "category": "Skincare",
    "date": "2025-09-18",
    "unitsSold": 7,
    "costPrice": 403,
    "salePrice": 528,
    "totalRevenue": 3696,
    "totalCost": 2821,
    "profit": 875
  },
  {
    "id": 325,
    "productId": 18,
    "productName": "Clay Mask 100ml",
    "category": "Skincare",
    "date": "2025-09-26",
    "unitsSold": 9,
    "costPrice": 442,
    "salePrice": 583,
    "totalRevenue": 5247,
    "totalCost": 3978,
    "profit": 1269
  },
  {
    "id": 326,
    "productId": 158,
    "productName": "Concealer Stick 250ml",
    "category": "Cosmetics",
    "date": "2025-09-11",
    "unitsSold": 10,
    "costPrice": 679,
    "salePrice": 938,
    "totalRevenue": 9380,
    "totalCost": 6790,
    "profit": 2590
  },
  {
    "id": 327,
    "productId": 89,
    "productName": "Vitamin C Face Wash 1L",
    "category": "Skincare",
    "date": "2025-09-20",
    "unitsSold": 4,
    "costPrice": 706,
    "salePrice": 960,
    "totalRevenue": 3840,
    "totalCost": 2824,
    "profit": 1016
  },
  {
    "id": 328,
    "productId": 125,
    "productName": "Kajal Pencil 100ml",
    "category": "Cosmetics",
    "date": "2025-08-07",
    "unitsSold": 9,
    "costPrice": 114,
    "salePrice": 155,
    "totalRevenue": 1395,
    "totalCost": 1026,
    "profit": 369
  },
  {
    "id": 329,
    "productId": 24,
    "productName": "Clay Mask 50ml",
    "category": "Skincare",
    "date": "2025-10-31",
    "unitsSold": 7,
    "costPrice": 168,
    "salePrice": 226,
    "totalRevenue": 1582,
    "totalCost": 1176,
    "profit": 406
  },
  {
    "id": 330,
    "productId": 199,
    "productName": "Hair Styling Gel 200ml",
    "category": "Haircare",
    "date": "2025-09-03",
    "unitsSold": 4,
    "costPrice": 553,
    "salePrice": 719,
    "totalRevenue": 2876,
    "totalCost": 2212,
    "profit": 664
  },
  {
    "id": 331,
    "productId": 49,
    "productName": "Under Eye Cream 500ml",
    "category": "Skincare",
    "date": "2025-08-29",
    "unitsSold": 6,
    "costPrice": 350,
    "salePrice": 475,
    "totalRevenue": 2850,
    "totalCost": 2100,
    "profit": 750
  },
  {
    "id": 332,
    "productId": 51,
    "productName": "Oil-Free Moisturizer 30ml",
    "category": "Skincare",
    "date": "2025-09-17",
    "unitsSold": 8,
    "costPrice": 387,
    "salePrice": 506,
    "totalRevenue": 4048,
    "totalCost": 3096,
    "profit": 952
  },
  {
    "id": 333,
    "productId": 172,
    "productName": "Anti-Dandruff Shampoo 250ml",
    "category": "Haircare",
    "date": "2025-10-16",
    "unitsSold": 4,
    "costPrice": 497,
    "salePrice": 634,
    "totalRevenue": 2536,
    "totalCost": 1988,
    "profit": 548
  },
  {
    "id": 334,
    "productId": 113,
    "productName": "Eyeshadow Palette 250ml",
    "category": "Cosmetics",
    "date": "2025-10-11",
    "unitsSold": 5,
    "costPrice": 299,
    "salePrice": 405,
    "totalRevenue": 2025,
    "totalCost": 1495,
    "profit": 530
  },
  {
    "id": 335,
    "productId": 89,
    "productName": "Vitamin C Face Wash 1L",
    "category": "Skincare",
    "date": "2025-09-19",
    "unitsSold": 8,
    "costPrice": 706,
    "salePrice": 960,
    "totalRevenue": 7680,
    "totalCost": 5648,
    "profit": 2032
  },
  {
    "id": 336,
    "productId": 101,
    "productName": "Setting Spray 100ml",
    "category": "Cosmetics",
    "date": "2025-08-14",
    "unitsSold": 10,
    "costPrice": 313,
    "salePrice": 411,
    "totalRevenue": 4110,
    "totalCost": 3130,
    "profit": 980
  },
  {
    "id": 337,
    "productId": 138,
    "productName": "Liquid Eyeliner 250ml",
    "category": "Cosmetics",
    "date": "2025-10-27",
    "unitsSold": 1,
    "costPrice": 425,
    "salePrice": 595,
    "totalRevenue": 595,
    "totalCost": 425,
    "profit": 170
  },
  {
    "id": 338,
    "productId": 153,
    "productName": "Brow Pencil 50ml",
    "category": "Cosmetics",
    "date": "2025-09-23",
    "unitsSold": 3,
    "costPrice": 271,
    "salePrice": 353,
    "totalRevenue": 1059,
    "totalCost": 813,
    "profit": 246
  },
  {
    "id": 339,
    "productId": 119,
    "productName": "Makeup Sponge 1L",
    "category": "Cosmetics",
    "date": "2025-08-28",
    "unitsSold": 8,
    "costPrice": 301,
    "salePrice": 427,
    "totalRevenue": 3416,
    "totalCost": 2408,
    "profit": 1008
  },
  {
    "id": 340,
    "productId": 120,
    "productName": "Setting Spray 100ml",
    "category": "Cosmetics",
    "date": "2025-08-17",
    "unitsSold": 3,
    "costPrice": 672,
    "salePrice": 937,
    "totalRevenue": 2811,
    "totalCost": 2016,
    "profit": 795
  },
  {
    "id": 341,
    "productId": 23,
    "productName": "Exfoliating Scrub 250ml",
    "category": "Skincare",
    "date": "2025-08-10",
    "unitsSold": 9,
    "costPrice": 365,
    "salePrice": 504,
    "totalRevenue": 4536,
    "totalCost": 3285,
    "profit": 1251
  },
  {
    "id": 342,
    "productId": 90,
    "productName": "Acne Control Gel 50ml",
    "category": "Skincare",
    "date": "2025-09-03",
    "unitsSold": 9,
    "costPrice": 877,
    "salePrice": 1098,
    "totalRevenue": 9882,
    "totalCost": 7893,
    "profit": 1989
  },
  {
    "id": 343,
    "productId": 180,
    "productName": "Hair Strengthening Conditioner 200ml",
    "category": "Haircare",
    "date": "2025-09-14",
    "unitsSold": 5,
    "costPrice": 554,
    "salePrice": 728,
    "totalRevenue": 3640,
    "totalCost": 2770,
    "profit": 870
  },
  {
    "id": 344,
    "productId": 97,
    "productName": "Blush Powder 1L",
    "category": "Cosmetics",
    "date": "2025-08-01",
    "unitsSold": 2,
    "costPrice": 583,
    "salePrice": 867,
    "totalRevenue": 1734,
    "totalCost": 1166,
    "profit": 568
  },
  {
    "id": 345,
    "productId": 177,
    "productName": "Volumizing Shampoo 50ml",
    "category": "Haircare",
    "date": "2025-09-03",
    "unitsSold": 6,
    "costPrice": 773,
    "salePrice": 982,
    "totalRevenue": 5892,
    "totalCost": 4638,
    "profit": 1254
  },
  {
    "id": 346,
    "productId": 46,
    "productName": "Peel Off Mask 1L",
    "category": "Skincare",
    "date": "2025-08-13",
    "unitsSold": 8,
    "costPrice": 438,
    "salePrice": 615,
    "totalRevenue": 4920,
    "totalCost": 3504,
    "profit": 1416
  },
  {
    "id": 347,
    "productId": 160,
    "productName": "Liquid Eyeliner 30ml",
    "category": "Cosmetics",
    "date": "2025-09-16",
    "unitsSold": 1,
    "costPrice": 527,
    "salePrice": 769,
    "totalRevenue": 769,
    "totalCost": 527,
    "profit": 242
  },
  {
    "id": 348,
    "productId": 195,
    "productName": "Smoothening Shampoo 30ml",
    "category": "Haircare",
    "date": "2025-09-10",
    "unitsSold": 4,
    "costPrice": 474,
    "salePrice": 615,
    "totalRevenue": 2460,
    "totalCost": 1896,
    "profit": 564
  },
  {
    "id": 349,
    "productId": 146,
    "productName": "Kajal Pencil 50ml",
    "category": "Cosmetics",
    "date": "2025-10-30",
    "unitsSold": 1,
    "costPrice": 607,
    "salePrice": 906,
    "totalRevenue": 906,
    "totalCost": 607,
    "profit": 299
  },
  {
    "id": 350,
    "productId": 71,
    "productName": "Exfoliating Scrub 30ml",
    "category": "Skincare",
    "date": "2025-09-30",
    "unitsSold": 3,
    "costPrice": 220,
    "salePrice": 290,
    "totalRevenue": 870,
    "totalCost": 660,
    "profit": 210
  },
  {
    "id": 351,
    "productId": 70,
    "productName": "Face Oil 200ml",
    "category": "Skincare",
    "date": "2025-09-13",
    "unitsSold": 4,
    "costPrice": 261,
    "salePrice": 357,
    "totalRevenue": 1428,
    "totalCost": 1044,
    "profit": 384
  },
  {
    "id": 352,
    "productId": 9,
    "productName": "Acne Control Gel 200ml",
    "category": "Skincare",
    "date": "2025-09-20",
    "unitsSold": 4,
    "costPrice": 227,
    "salePrice": 317,
    "totalRevenue": 1268,
    "totalCost": 908,
    "profit": 360
  },
  {
    "id": 353,
    "productId": 40,
    "productName": "Hyaluronic Acid Serum 1L",
    "category": "Skincare",
    "date": "2025-10-09",
    "unitsSold": 8,
    "costPrice": 449,
    "salePrice": 584,
    "totalRevenue": 4672,
    "totalCost": 3592,
    "profit": 1080
  },
  {
    "id": 354,
    "productId": 57,
    "productName": "Anti-Aging Night Cream 100ml",
    "category": "Skincare",
    "date": "2025-08-12",
    "unitsSold": 2,
    "costPrice": 492,
    "salePrice": 702,
    "totalRevenue": 1404,
    "totalCost": 984,
    "profit": 420
  },
  {
    "id": 355,
    "productId": 95,
    "productName": "Foundation Liquid 30ml",
    "category": "Cosmetics",
    "date": "2025-09-11",
    "unitsSold": 8,
    "costPrice": 437,
    "salePrice": 584,
    "totalRevenue": 4672,
    "totalCost": 3496,
    "profit": 1176
  },
  {
    "id": 356,
    "productId": 56,
    "productName": "Vitamin C Face Wash 1L",
    "category": "Skincare",
    "date": "2025-10-28",
    "unitsSold": 9,
    "costPrice": 749,
    "salePrice": 1005,
    "totalRevenue": 9045,
    "totalCost": 6741,
    "profit": 2304
  },
  {
    "id": 357,
    "productId": 4,
    "productName": "Aloe Vera Moisturizer 100ml",
    "category": "Skincare",
    "date": "2025-10-14",
    "unitsSold": 6,
    "costPrice": 403,
    "salePrice": 528,
    "totalRevenue": 3168,
    "totalCost": 2418,
    "profit": 750
  },
  {
    "id": 358,
    "productId": 77,
    "productName": "Exfoliating Scrub 30ml",
    "category": "Skincare",
    "date": "2025-09-02",
    "unitsSold": 9,
    "costPrice": 547,
    "salePrice": 701,
    "totalRevenue": 6309,
    "totalCost": 4923,
    "profit": 1386
  },
  {
    "id": 359,
    "productId": 113,
    "productName": "Eyeshadow Palette 250ml",
    "category": "Cosmetics",
    "date": "2025-08-06",
    "unitsSold": 2,
    "costPrice": 299,
    "salePrice": 405,
    "totalRevenue": 810,
    "totalCost": 598,
    "profit": 212
  },
  {
    "id": 360,
    "productId": 168,
    "productName": "Anti-Dandruff Shampoo 500ml",
    "category": "Haircare",
    "date": "2025-09-30",
    "unitsSold": 7,
    "costPrice": 328,
    "salePrice": 453,
    "totalRevenue": 3171,
    "totalCost": 2296,
    "profit": 875
  },
  {
    "id": 361,
    "productId": 67,
    "productName": "Exfoliating Scrub 30ml",
    "category": "Skincare",
    "date": "2025-09-24",
    "unitsSold": 6,
    "costPrice": 318,
    "salePrice": 460,
    "totalRevenue": 2760,
    "totalCost": 1908,
    "profit": 852
  },
  {
    "id": 362,
    "productId": 72,
    "productName": "Under Eye Cream 100ml",
    "category": "Skincare",
    "date": "2025-10-13",
    "unitsSold": 6,
    "costPrice": 763,
    "salePrice": 987,
    "totalRevenue": 5922,
    "totalCost": 4578,
    "profit": 1344
  },
  {
    "id": 363,
    "productId": 155,
    "productName": "Contour Stick 100ml",
    "category": "Cosmetics",
    "date": "2025-10-08",
    "unitsSold": 9,
    "costPrice": 453,
    "salePrice": 666,
    "totalRevenue": 5994,
    "totalCost": 4077,
    "profit": 1917
  },
  {
    "id": 364,
    "productId": 63,
    "productName": "Vitamin C Face Wash 250ml",
    "category": "Skincare",
    "date": "2025-10-15",
    "unitsSold": 8,
    "costPrice": 435,
    "salePrice": 618,
    "totalRevenue": 4944,
    "totalCost": 3480,
    "profit": 1464
  },
  {
    "id": 365,
    "productId": 199,
    "productName": "Hair Styling Gel 200ml",
    "category": "Haircare",
    "date": "2025-08-06",
    "unitsSold": 1,
    "costPrice": 553,
    "salePrice": 719,
    "totalRevenue": 719,
    "totalCost": 553,
    "profit": 166
  },
  {
    "id": 366,
    "productId": 40,
    "productName": "Hyaluronic Acid Serum 1L",
    "category": "Skincare",
    "date": "2025-08-30",
    "unitsSold": 4,
    "costPrice": 449,
    "salePrice": 584,
    "totalRevenue": 2336,
    "totalCost": 1796,
    "profit": 540
  },
  {
    "id": 367,
    "productId": 98,
    "productName": "BB Cream 50ml",
    "category": "Cosmetics",
    "date": "2025-09-24",
    "unitsSold": 10,
    "costPrice": 408,
    "salePrice": 575,
    "totalRevenue": 5750,
    "totalCost": 4080,
    "profit": 1670
  },
  {
    "id": 368,
    "productId": 70,
    "productName": "Face Oil 200ml",
    "category": "Skincare",
    "date": "2025-08-26",
    "unitsSold": 4,
    "costPrice": 261,
    "salePrice": 357,
    "totalRevenue": 1428,
    "totalCost": 1044,
    "profit": 384
  },
  {
    "id": 369,
    "productId": 139,
    "productName": "Matte Finish Lipstick 1L",
    "category": "Cosmetics",
    "date": "2025-10-01",
    "unitsSold": 3,
    "costPrice": 223,
    "salePrice": 327,
    "totalRevenue": 981,
    "totalCost": 669,
    "profit": 312
  },
  {
    "id": 370,
    "productId": 149,
    "productName": "Makeup Sponge 1L",
    "category": "Cosmetics",
    "date": "2025-10-09",
    "unitsSold": 10,
    "costPrice": 325,
    "salePrice": 423,
    "totalRevenue": 4230,
    "totalCost": 3250,
    "profit": 980
  },
  {
    "id": 371,
    "productId": 81,
    "productName": "Gentle Toner 1L",
    "category": "Skincare",
    "date": "2025-08-10",
    "unitsSold": 9,
    "costPrice": 805,
    "salePrice": 1085,
    "totalRevenue": 9765,
    "totalCost": 7245,
    "profit": 2520
  },
  {
    "id": 372,
    "productId": 21,
    "productName": "Hyaluronic Acid Serum 250ml",
    "category": "Skincare",
    "date": "2025-08-15",
    "unitsSold": 5,
    "costPrice": 171,
    "salePrice": 232,
    "totalRevenue": 1160,
    "totalCost": 855,
    "profit": 305
  },
  {
    "id": 373,
    "productId": 142,
    "productName": "Kajal Pencil 50ml",
    "category": "Cosmetics",
    "date": "2025-10-27",
    "unitsSold": 5,
    "costPrice": 592,
    "salePrice": 856,
    "totalRevenue": 4280,
    "totalCost": 2960,
    "profit": 1320
  },
  {
    "id": 374,
    "productId": 154,
    "productName": "Highlighter Palette 1L",
    "category": "Cosmetics",
    "date": "2025-10-14",
    "unitsSold": 3,
    "costPrice": 600,
    "salePrice": 828,
    "totalRevenue": 2484,
    "totalCost": 1800,
    "profit": 684
  },
  {
    "id": 375,
    "productId": 153,
    "productName": "Brow Pencil 50ml",
    "category": "Cosmetics",
    "date": "2025-10-28",
    "unitsSold": 6,
    "costPrice": 271,
    "salePrice": 353,
    "totalRevenue": 2118,
    "totalCost": 1626,
    "profit": 492
  },
  {
    "id": 376,
    "productId": 163,
    "productName": "Heat Protectant Spray 1L",
    "category": "Haircare",
    "date": "2025-09-28",
    "unitsSold": 5,
    "costPrice": 930,
    "salePrice": 1264,
    "totalRevenue": 6320,
    "totalCost": 4650,
    "profit": 1670
  },
  {
    "id": 377,
    "productId": 25,
    "productName": "Peel Off Mask 200ml",
    "category": "Skincare",
    "date": "2025-10-08",
    "unitsSold": 5,
    "costPrice": 504,
    "salePrice": 670,
    "totalRevenue": 3350,
    "totalCost": 2520,
    "profit": 830
  },
  {
    "id": 378,
    "productId": 165,
    "productName": "Argan Hair Oil 1L",
    "category": "Haircare",
    "date": "2025-08-15",
    "unitsSold": 3,
    "costPrice": 145,
    "salePrice": 197,
    "totalRevenue": 591,
    "totalCost": 435,
    "profit": 156
  },
  {
    "id": 379,
    "productId": 79,
    "productName": "Brightening Day Cream 1L",
    "category": "Skincare",
    "date": "2025-08-04",
    "unitsSold": 1,
    "costPrice": 531,
    "salePrice": 732,
    "totalRevenue": 732,
    "totalCost": 531,
    "profit": 201
  },
  {
    "id": 380,
    "productId": 137,
    "productName": "Concealer Stick 500ml",
    "category": "Cosmetics",
    "date": "2025-08-28",
    "unitsSold": 10,
    "costPrice": 200,
    "salePrice": 274,
    "totalRevenue": 2740,
    "totalCost": 2000,
    "profit": 740
  },
  {
    "id": 381,
    "productId": 73,
    "productName": "Gentle Toner 50ml",
    "category": "Skincare",
    "date": "2025-08-27",
    "unitsSold": 10,
    "costPrice": 394,
    "salePrice": 556,
    "totalRevenue": 5560,
    "totalCost": 3940,
    "profit": 1620
  },
  {
    "id": 382,
    "productId": 68,
    "productName": "Aloe Vera Moisturizer 500ml",
    "category": "Skincare",
    "date": "2025-09-22",
    "unitsSold": 3,
    "costPrice": 156,
    "salePrice": 222,
    "totalRevenue": 666,
    "totalCost": 468,
    "profit": 198
  },
  {
    "id": 383,
    "productId": 77,
    "productName": "Exfoliating Scrub 30ml",
    "category": "Skincare",
    "date": "2025-08-11",
    "unitsSold": 10,
    "costPrice": 547,
    "salePrice": 701,
    "totalRevenue": 7010,
    "totalCost": 5470,
    "profit": 1540
  },
  {
    "id": 384,
    "productId": 63,
    "productName": "Vitamin C Face Wash 250ml",
    "category": "Skincare",
    "date": "2025-09-07",
    "unitsSold": 9,
    "costPrice": 435,
    "salePrice": 618,
    "totalRevenue": 5562,
    "totalCost": 3915,
    "profit": 1647
  },
  {
    "id": 385,
    "productId": 184,
    "productName": "Protein Hair Mask 250ml",
    "category": "Haircare",
    "date": "2025-09-29",
    "unitsSold": 3,
    "costPrice": 630,
    "salePrice": 876,
    "totalRevenue": 2628,
    "totalCost": 1890,
    "profit": 738
  },
  {
    "id": 386,
    "productId": 129,
    "productName": "Liquid Eyeliner 50ml",
    "category": "Cosmetics",
    "date": "2025-08-30",
    "unitsSold": 10,
    "costPrice": 423,
    "salePrice": 596,
    "totalRevenue": 5960,
    "totalCost": 4230,
    "profit": 1730
  },
  {
    "id": 387,
    "productId": 72,
    "productName": "Under Eye Cream 100ml",
    "category": "Skincare",
    "date": "2025-10-24",
    "unitsSold": 6,
    "costPrice": 763,
    "salePrice": 987,
    "totalRevenue": 5922,
    "totalCost": 4578,
    "profit": 1344
  },
  {
    "id": 388,
    "productId": 180,
    "productName": "Hair Strengthening Conditioner 200ml",
    "category": "Haircare",
    "date": "2025-08-08",
    "unitsSold": 2,
    "costPrice": 554,
    "salePrice": 728,
    "totalRevenue": 1456,
    "totalCost": 1108,
    "profit": 348
  },
  {
    "id": 389,
    "productId": 97,
    "productName": "Blush Powder 1L",
    "category": "Cosmetics",
    "date": "2025-10-15",
    "unitsSold": 7,
    "costPrice": 583,
    "salePrice": 867,
    "totalRevenue": 6069,
    "totalCost": 4081,
    "profit": 1988
  },
  {
    "id": 390,
    "productId": 57,
    "productName": "Anti-Aging Night Cream 100ml",
    "category": "Skincare",
    "date": "2025-08-03",
    "unitsSold": 5,
    "costPrice": 492,
    "salePrice": 702,
    "totalRevenue": 3510,
    "totalCost": 2460,
    "profit": 1050
  },
  {
    "id": 391,
    "productId": 13,
    "productName": "Under Eye Cream 1L",
    "category": "Skincare",
    "date": "2025-09-14",
    "unitsSold": 9,
    "costPrice": 286,
    "salePrice": 405,
    "totalRevenue": 3645,
    "totalCost": 2574,
    "profit": 1071
  },
  {
    "id": 392,
    "productId": 57,
    "productName": "Anti-Aging Night Cream 100ml",
    "category": "Skincare",
    "date": "2025-09-10",
    "unitsSold": 2,
    "costPrice": 492,
    "salePrice": 702,
    "totalRevenue": 1404,
    "totalCost": 984,
    "profit": 420
  },
  {
    "id": 393,
    "productId": 34,
    "productName": "Anti-Aging Night Cream 100ml",
    "category": "Skincare",
    "date": "2025-08-06",
    "unitsSold": 9,
    "costPrice": 508,
    "salePrice": 678,
    "totalRevenue": 6102,
    "totalCost": 4572,
    "profit": 1530
  },
  {
    "id": 394,
    "productId": 187,
    "productName": "Hair Detangler Spray 500ml",
    "category": "Haircare",
    "date": "2025-08-19",
    "unitsSold": 9,
    "costPrice": 583,
    "salePrice": 758,
    "totalRevenue": 6822,
    "totalCost": 5247,
    "profit": 1575
  },
  {
    "id": 395,
    "productId": 74,
    "productName": "Under Eye Cream 1L",
    "category": "Skincare",
    "date": "2025-08-12",
    "unitsSold": 5,
    "costPrice": 279,
    "salePrice": 377,
    "totalRevenue": 1885,
    "totalCost": 1395,
    "profit": 490
  },
  {
    "id": 396,
    "productId": 159,
    "productName": "Concealer Stick 500ml",
    "category": "Cosmetics",
    "date": "2025-10-24",
    "unitsSold": 2,
    "costPrice": 106,
    "salePrice": 151,
    "totalRevenue": 302,
    "totalCost": 212,
    "profit": 90
  },
  {
    "id": 397,
    "productId": 85,
    "productName": "Gentle Toner 500ml",
    "category": "Skincare",
    "date": "2025-09-07",
    "unitsSold": 6,
    "costPrice": 498,
    "salePrice": 692,
    "totalRevenue": 4152,
    "totalCost": 2988,
    "profit": 1164
  },
  {
    "id": 398,
    "productId": 119,
    "productName": "Makeup Sponge 1L",
    "category": "Cosmetics",
    "date": "2025-09-20",
    "unitsSold": 4,
    "costPrice": 301,
    "salePrice": 427,
    "totalRevenue": 1708,
    "totalCost": 1204,
    "profit": 504
  },
  {
    "id": 399,
    "productId": 17,
    "productName": "Exfoliating Scrub 50ml",
    "category": "Skincare",
    "date": "2025-08-13",
    "unitsSold": 7,
    "costPrice": 393,
    "salePrice": 512,
    "totalRevenue": 3584,
    "totalCost": 2751,
    "profit": 833
  },
  {
    "id": 400,
    "productId": 94,
    "productName": "Brow Pencil 50ml",
    "category": "Cosmetics",
    "date": "2025-10-25",
    "unitsSold": 2,
    "costPrice": 670,
    "salePrice": 954,
    "totalRevenue": 1908,
    "totalCost": 1340,
    "profit": 568
  },
  {
    "id": 401,
    "productId": 161,
    "productName": "Heat Protectant Spray 30ml",
    "category": "Haircare",
    "date": "2025-08-07",
    "unitsSold": 10,
    "costPrice": 367,
    "salePrice": 462,
    "totalRevenue": 4620,
    "totalCost": 3670,
    "profit": 950
  },
  {
    "id": 402,
    "productId": 172,
    "productName": "Anti-Dandruff Shampoo 250ml",
    "category": "Haircare",
    "date": "2025-09-12",
    "unitsSold": 8,
    "costPrice": 497,
    "salePrice": 634,
    "totalRevenue": 5072,
    "totalCost": 3976,
    "profit": 1096
  },
  {
    "id": 403,
    "productId": 29,
    "productName": "Clay Mask 500ml",
    "category": "Skincare",
    "date": "2025-08-31",
    "unitsSold": 4,
    "costPrice": 898,
    "salePrice": 1159,
    "totalRevenue": 4636,
    "totalCost": 3592,
    "profit": 1044
  },
  {
    "id": 404,
    "productId": 200,
    "productName": "Hair Styling Gel 30ml",
    "category": "Haircare",
    "date": "2025-09-14",
    "unitsSold": 8,
    "costPrice": 325,
    "salePrice": 434,
    "totalRevenue": 3472,
    "totalCost": 2600,
    "profit": 872
  },
  {
    "id": 405,
    "productId": 7,
    "productName": "Peel Off Mask 250ml",
    "category": "Skincare",
    "date": "2025-09-29",
    "unitsSold": 6,
    "costPrice": 279,
    "salePrice": 385,
    "totalRevenue": 2310,
    "totalCost": 1674,
    "profit": 636
  },
  {
    "id": 406,
    "productId": 7,
    "productName": "Peel Off Mask 250ml",
    "category": "Skincare",
    "date": "2025-08-10",
    "unitsSold": 1,
    "costPrice": 279,
    "salePrice": 385,
    "totalRevenue": 385,
    "totalCost": 279,
    "profit": 106
  },
  {
    "id": 407,
    "productId": 72,
    "productName": "Under Eye Cream 100ml",
    "category": "Skincare",
    "date": "2025-10-17",
    "unitsSold": 9,
    "costPrice": 763,
    "salePrice": 987,
    "totalRevenue": 8883,
    "totalCost": 6867,
    "profit": 2016
  },
  {
    "id": 408,
    "productId": 37,
    "productName": "Peel Off Mask 50ml",
    "category": "Skincare",
    "date": "2025-09-16",
    "unitsSold": 9,
    "costPrice": 168,
    "salePrice": 220,
    "totalRevenue": 1980,
    "totalCost": 1512,
    "profit": 468
  },
  {
    "id": 409,
    "productId": 155,
    "productName": "Contour Stick 100ml",
    "category": "Cosmetics",
    "date": "2025-09-08",
    "unitsSold": 8,
    "costPrice": 453,
    "salePrice": 666,
    "totalRevenue": 5328,
    "totalCost": 3624,
    "profit": 1704
  },
  {
    "id": 410,
    "productId": 161,
    "productName": "Heat Protectant Spray 30ml",
    "category": "Haircare",
    "date": "2025-08-26",
    "unitsSold": 6,
    "costPrice": 367,
    "salePrice": 462,
    "totalRevenue": 2772,
    "totalCost": 2202,
    "profit": 570
  },
  {
    "id": 411,
    "productId": 100,
    "productName": "Lip Liner 50ml",
    "category": "Cosmetics",
    "date": "2025-08-27",
    "unitsSold": 8,
    "costPrice": 193,
    "salePrice": 262,
    "totalRevenue": 2096,
    "totalCost": 1544,
    "profit": 552
  },
  {
    "id": 412,
    "productId": 11,
    "productName": "Sunscreen SPF 50 250ml",
    "category": "Skincare",
    "date": "2025-08-27",
    "unitsSold": 2,
    "costPrice": 617,
    "salePrice": 788,
    "totalRevenue": 1576,
    "totalCost": 1234,
    "profit": 342
  },
  {
    "id": 413,
    "productId": 2,
    "productName": "Charcoal Face Mask 200ml",
    "category": "Skincare",
    "date": "2025-08-11",
    "unitsSold": 8,
    "costPrice": 307,
    "salePrice": 440,
    "totalRevenue": 3520,
    "totalCost": 2456,
    "profit": 1064
  },
  {
    "id": 414,
    "productId": 129,
    "productName": "Liquid Eyeliner 50ml",
    "category": "Cosmetics",
    "date": "2025-08-14",
    "unitsSold": 9,
    "costPrice": 423,
    "salePrice": 596,
    "totalRevenue": 5364,
    "totalCost": 3807,
    "profit": 1557
  },
  {
    "id": 415,
    "productId": 74,
    "productName": "Under Eye Cream 1L",
    "category": "Skincare",
    "date": "2025-10-25",
    "unitsSold": 8,
    "costPrice": 279,
    "salePrice": 377,
    "totalRevenue": 3016,
    "totalCost": 2232,
    "profit": 784
  },
  {
    "id": 416,
    "productId": 71,
    "productName": "Exfoliating Scrub 30ml",
    "category": "Skincare",
    "date": "2025-08-14",
    "unitsSold": 4,
    "costPrice": 220,
    "salePrice": 290,
    "totalRevenue": 1160,
    "totalCost": 880,
    "profit": 280
  },
  {
    "id": 417,
    "productId": 169,
    "productName": "Hair Detangler Spray 250ml",
    "category": "Haircare",
    "date": "2025-09-20",
    "unitsSold": 10,
    "costPrice": 879,
    "salePrice": 1183,
    "totalRevenue": 11830,
    "totalCost": 8790,
    "profit": 3040
  },
  {
    "id": 418,
    "productId": 153,
    "productName": "Brow Pencil 50ml",
    "category": "Cosmetics",
    "date": "2025-10-14",
    "unitsSold": 2,
    "costPrice": 271,
    "salePrice": 353,
    "totalRevenue": 706,
    "totalCost": 542,
    "profit": 164
  },
  {
    "id": 419,
    "productId": 109,
    "productName": "Blush Powder 200ml",
    "category": "Cosmetics",
    "date": "2025-09-14",
    "unitsSold": 4,
    "costPrice": 265,
    "salePrice": 389,
    "totalRevenue": 1556,
    "totalCost": 1060,
    "profit": 496
  },
  {
    "id": 420,
    "productId": 111,
    "productName": "Blush Powder 500ml",
    "category": "Cosmetics",
    "date": "2025-09-18",
    "unitsSold": 10,
    "costPrice": 233,
    "salePrice": 312,
    "totalRevenue": 3120,
    "totalCost": 2330,
    "profit": 790
  },
  {
    "id": 421,
    "productId": 36,
    "productName": "Brightening Day Cream 200ml",
    "category": "Skincare",
    "date": "2025-09-26",
    "unitsSold": 9,
    "costPrice": 811,
    "salePrice": 1032,
    "totalRevenue": 9288,
    "totalCost": 7299,
    "profit": 1989
  },
  {
    "id": 422,
    "productId": 100,
    "productName": "Lip Liner 50ml",
    "category": "Cosmetics",
    "date": "2025-09-30",
    "unitsSold": 7,
    "costPrice": 193,
    "salePrice": 262,
    "totalRevenue": 1834,
    "totalCost": 1351,
    "profit": 483
  },
  {
    "id": 423,
    "productId": 52,
    "productName": "Under Eye Cream 200ml",
    "category": "Skincare",
    "date": "2025-09-17",
    "unitsSold": 6,
    "costPrice": 497,
    "salePrice": 669,
    "totalRevenue": 4014,
    "totalCost": 2982,
    "profit": 1032
  },
  {
    "id": 424,
    "productId": 51,
    "productName": "Oil-Free Moisturizer 30ml",
    "category": "Skincare",
    "date": "2025-08-01",
    "unitsSold": 2,
    "costPrice": 387,
    "salePrice": 506,
    "totalRevenue": 1012,
    "totalCost": 774,
    "profit": 238
  },
  {
    "id": 425,
    "productId": 169,
    "productName": "Hair Detangler Spray 250ml",
    "category": "Haircare",
    "date": "2025-09-03",
    "unitsSold": 10,
    "costPrice": 879,
    "salePrice": 1183,
    "totalRevenue": 11830,
    "totalCost": 8790,
    "profit": 3040
  },
  {
    "id": 426,
    "productId": 53,
    "productName": "Nourishing Face Cream 100ml",
    "category": "Skincare",
    "date": "2025-08-20",
    "unitsSold": 5,
    "costPrice": 450,
    "salePrice": 583,
    "totalRevenue": 2915,
    "totalCost": 2250,
    "profit": 665
  },
  {
    "id": 427,
    "productId": 46,
    "productName": "Peel Off Mask 1L",
    "category": "Skincare",
    "date": "2025-08-17",
    "unitsSold": 10,
    "costPrice": 438,
    "salePrice": 615,
    "totalRevenue": 6150,
    "totalCost": 4380,
    "profit": 1770
  },
  {
    "id": 428,
    "productId": 86,
    "productName": "Sunscreen SPF 50 1L",
    "category": "Skincare",
    "date": "2025-08-08",
    "unitsSold": 10,
    "costPrice": 357,
    "salePrice": 464,
    "totalRevenue": 4640,
    "totalCost": 3570,
    "profit": 1070
  },
  {
    "id": 429,
    "productId": 135,
    "productName": "Setting Spray 1L",
    "category": "Cosmetics",
    "date": "2025-10-03",
    "unitsSold": 4,
    "costPrice": 106,
    "salePrice": 154,
    "totalRevenue": 616,
    "totalCost": 424,
    "profit": 192
  },
  {
    "id": 430,
    "productId": 172,
    "productName": "Anti-Dandruff Shampoo 250ml",
    "category": "Haircare",
    "date": "2025-08-17",
    "unitsSold": 9,
    "costPrice": 497,
    "salePrice": 634,
    "totalRevenue": 5706,
    "totalCost": 4473,
    "profit": 1233
  },
  {
    "id": 431,
    "productId": 60,
    "productName": "Brightening Day Cream 200ml",
    "category": "Skincare",
    "date": "2025-09-17",
    "unitsSold": 4,
    "costPrice": 261,
    "salePrice": 378,
    "totalRevenue": 1512,
    "totalCost": 1044,
    "profit": 468
  },
  {
    "id": 432,
    "productId": 162,
    "productName": "Scalp Tonic 100ml",
    "category": "Haircare",
    "date": "2025-10-25",
    "unitsSold": 10,
    "costPrice": 530,
    "salePrice": 675,
    "totalRevenue": 6750,
    "totalCost": 5300,
    "profit": 1450
  },
  {
    "id": 433,
    "productId": 16,
    "productName": "Rose Water Toner 50ml",
    "category": "Skincare",
    "date": "2025-08-18",
    "unitsSold": 6,
    "costPrice": 734,
    "salePrice": 1012,
    "totalRevenue": 6072,
    "totalCost": 4404,
    "profit": 1668
  },
  {
    "id": 434,
    "productId": 20,
    "productName": "Face Oil 30ml",
    "category": "Skincare",
    "date": "2025-08-20",
    "unitsSold": 5,
    "costPrice": 550,
    "salePrice": 710,
    "totalRevenue": 3550,
    "totalCost": 2750,
    "profit": 800
  },
  {
    "id": 435,
    "productId": 153,
    "productName": "Brow Pencil 50ml",
    "category": "Cosmetics",
    "date": "2025-09-13",
    "unitsSold": 5,
    "costPrice": 271,
    "salePrice": 353,
    "totalRevenue": 1765,
    "totalCost": 1355,
    "profit": 410
  },
  {
    "id": 436,
    "productId": 158,
    "productName": "Concealer Stick 250ml",
    "category": "Cosmetics",
    "date": "2025-08-06",
    "unitsSold": 3,
    "costPrice": 679,
    "salePrice": 938,
    "totalRevenue": 2814,
    "totalCost": 2037,
    "profit": 777
  },
  {
    "id": 437,
    "productId": 52,
    "productName": "Under Eye Cream 200ml",
    "category": "Skincare",
    "date": "2025-10-20",
    "unitsSold": 10,
    "costPrice": 497,
    "salePrice": 669,
    "totalRevenue": 6690,
    "totalCost": 4970,
    "profit": 1720
  },
  {
    "id": 438,
    "productId": 159,
    "productName": "Concealer Stick 500ml",
    "category": "Cosmetics",
    "date": "2025-10-05",
    "unitsSold": 8,
    "costPrice": 106,
    "salePrice": 151,
    "totalRevenue": 1208,
    "totalCost": 848,
    "profit": 360
  },
  {
    "id": 439,
    "productId": 100,
    "productName": "Lip Liner 50ml",
    "category": "Cosmetics",
    "date": "2025-08-30",
    "unitsSold": 7,
    "costPrice": 193,
    "salePrice": 262,
    "totalRevenue": 1834,
    "totalCost": 1351,
    "profit": 483
  },
  {
    "id": 440,
    "productId": 196,
    "productName": "Repair Oil Blend 200ml",
    "category": "Haircare",
    "date": "2025-08-17",
    "unitsSold": 1,
    "costPrice": 908,
    "salePrice": 1194,
    "totalRevenue": 1194,
    "totalCost": 908,
    "profit": 286
  },
  {
    "id": 441,
    "productId": 19,
    "productName": "Hydrating Face Serum 1L",
    "category": "Skincare",
    "date": "2025-10-14",
    "unitsSold": 10,
    "costPrice": 784,
    "salePrice": 980,
    "totalRevenue": 9800,
    "totalCost": 7840,
    "profit": 1960
  },
  {
    "id": 442,
    "productId": 72,
    "productName": "Under Eye Cream 100ml",
    "category": "Skincare",
    "date": "2025-10-22",
    "unitsSold": 10,
    "costPrice": 763,
    "salePrice": 987,
    "totalRevenue": 9870,
    "totalCost": 7630,
    "profit": 2240
  },
  {
    "id": 443,
    "productId": 62,
    "productName": "Gentle Toner 1L",
    "category": "Skincare",
    "date": "2025-09-24",
    "unitsSold": 4,
    "costPrice": 624,
    "salePrice": 878,
    "totalRevenue": 3512,
    "totalCost": 2496,
    "profit": 1016
  },
  {
    "id": 444,
    "productId": 125,
    "productName": "Kajal Pencil 100ml",
    "category": "Cosmetics",
    "date": "2025-08-18",
    "unitsSold": 5,
    "costPrice": 114,
    "salePrice": 155,
    "totalRevenue": 775,
    "totalCost": 570,
    "profit": 205
  },
  {
    "id": 445,
    "productId": 75,
    "productName": "Hyaluronic Acid Serum 1L",
    "category": "Skincare",
    "date": "2025-10-27",
    "unitsSold": 6,
    "costPrice": 887,
    "salePrice": 1151,
    "totalRevenue": 6906,
    "totalCost": 5322,
    "profit": 1584
  },
  {
    "id": 446,
    "productId": 13,
    "productName": "Under Eye Cream 1L",
    "category": "Skincare",
    "date": "2025-08-01",
    "unitsSold": 2,
    "costPrice": 286,
    "salePrice": 405,
    "totalRevenue": 810,
    "totalCost": 572,
    "profit": 238
  },
  {
    "id": 447,
    "productId": 99,
    "productName": "Lip Gloss 1L",
    "category": "Cosmetics",
    "date": "2025-09-05",
    "unitsSold": 7,
    "costPrice": 193,
    "salePrice": 258,
    "totalRevenue": 1806,
    "totalCost": 1351,
    "profit": 455
  },
  {
    "id": 448,
    "productId": 16,
    "productName": "Rose Water Toner 50ml",
    "category": "Skincare",
    "date": "2025-08-06",
    "unitsSold": 7,
    "costPrice": 734,
    "salePrice": 1012,
    "totalRevenue": 7084,
    "totalCost": 5138,
    "profit": 1946
  },
  {
    "id": 449,
    "productId": 28,
    "productName": "Clay Mask 500ml",
    "category": "Skincare",
    "date": "2025-10-22",
    "unitsSold": 3,
    "costPrice": 348,
    "salePrice": 442,
    "totalRevenue": 1326,
    "totalCost": 1044,
    "profit": 282
  },
  {
    "id": 450,
    "productId": 91,
    "productName": "BB Cream 500ml",
    "category": "Cosmetics",
    "date": "2025-10-06",
    "unitsSold": 3,
    "costPrice": 281,
    "salePrice": 383,
    "totalRevenue": 1149,
    "totalCost": 843,
    "profit": 306
  },
  {
    "id": 451,
    "productId": 80,
    "productName": "Charcoal Face Mask 100ml",
    "category": "Skincare",
    "date": "2025-08-23",
    "unitsSold": 3,
    "costPrice": 492,
    "salePrice": 679,
    "totalRevenue": 2037,
    "totalCost": 1476,
    "profit": 561
  },
  {
    "id": 452,
    "productId": 112,
    "productName": "Primer Cream 50ml",
    "category": "Cosmetics",
    "date": "2025-08-08",
    "unitsSold": 1,
    "costPrice": 614,
    "salePrice": 873,
    "totalRevenue": 873,
    "totalCost": 614,
    "profit": 259
  },
  {
    "id": 453,
    "productId": 74,
    "productName": "Under Eye Cream 1L",
    "category": "Skincare",
    "date": "2025-08-05",
    "unitsSold": 2,
    "costPrice": 279,
    "salePrice": 377,
    "totalRevenue": 754,
    "totalCost": 558,
    "profit": 196
  },
  {
    "id": 454,
    "productId": 151,
    "productName": "Brow Pencil 100ml",
    "category": "Cosmetics",
    "date": "2025-09-06",
    "unitsSold": 6,
    "costPrice": 657,
    "salePrice": 866,
    "totalRevenue": 5196,
    "totalCost": 3942,
    "profit": 1254
  },
  {
    "id": 455,
    "productId": 146,
    "productName": "Kajal Pencil 50ml",
    "category": "Cosmetics",
    "date": "2025-08-19",
    "unitsSold": 6,
    "costPrice": 607,
    "salePrice": 906,
    "totalRevenue": 5436,
    "totalCost": 3642,
    "profit": 1794
  },
  {
    "id": 456,
    "productId": 105,
    "productName": "Lip Gloss 50ml",
    "category": "Cosmetics",
    "date": "2025-09-16",
    "unitsSold": 5,
    "costPrice": 331,
    "salePrice": 472,
    "totalRevenue": 2360,
    "totalCost": 1655,
    "profit": 705
  },
  {
    "id": 457,
    "productId": 75,
    "productName": "Hyaluronic Acid Serum 1L",
    "category": "Skincare",
    "date": "2025-10-22",
    "unitsSold": 5,
    "costPrice": 887,
    "salePrice": 1151,
    "totalRevenue": 5755,
    "totalCost": 4435,
    "profit": 1320
  },
  {
    "id": 458,
    "productId": 117,
    "productName": "Compact Powder 30ml",
    "category": "Cosmetics",
    "date": "2025-08-16",
    "unitsSold": 7,
    "costPrice": 457,
    "salePrice": 665,
    "totalRevenue": 4655,
    "totalCost": 3199,
    "profit": 1456
  },
  {
    "id": 459,
    "productId": 143,
    "productName": "Foundation Liquid 50ml",
    "category": "Cosmetics",
    "date": "2025-09-28",
    "unitsSold": 9,
    "costPrice": 178,
    "salePrice": 261,
    "totalRevenue": 2349,
    "totalCost": 1602,
    "profit": 747
  },
  {
    "id": 460,
    "productId": 102,
    "productName": "Concealer Stick 50ml",
    "category": "Cosmetics",
    "date": "2025-10-03",
    "unitsSold": 4,
    "costPrice": 171,
    "salePrice": 235,
    "totalRevenue": 940,
    "totalCost": 684,
    "profit": 256
  },
  {
    "id": 461,
    "productId": 173,
    "productName": "Color Protect Conditioner 1L",
    "category": "Haircare",
    "date": "2025-09-01",
    "unitsSold": 3,
    "costPrice": 924,
    "salePrice": 1191,
    "totalRevenue": 3573,
    "totalCost": 2772,
    "profit": 801
  },
  {
    "id": 462,
    "productId": 42,
    "productName": "Charcoal Face Mask 100ml",
    "category": "Skincare",
    "date": "2025-10-02",
    "unitsSold": 3,
    "costPrice": 158,
    "salePrice": 225,
    "totalRevenue": 675,
    "totalCost": 474,
    "profit": 201
  },
  {
    "id": 463,
    "productId": 141,
    "productName": "Makeup Remover 100ml",
    "category": "Cosmetics",
    "date": "2025-10-28",
    "unitsSold": 8,
    "costPrice": 532,
    "salePrice": 727,
    "totalRevenue": 5816,
    "totalCost": 4256,
    "profit": 1560
  },
  {
    "id": 464,
    "productId": 81,
    "productName": "Gentle Toner 1L",
    "category": "Skincare",
    "date": "2025-08-14",
    "unitsSold": 6,
    "costPrice": 805,
    "salePrice": 1085,
    "totalRevenue": 6510,
    "totalCost": 4830,
    "profit": 1680
  },
  {
    "id": 465,
    "productId": 60,
    "productName": "Brightening Day Cream 200ml",
    "category": "Skincare",
    "date": "2025-08-09",
    "unitsSold": 9,
    "costPrice": 261,
    "salePrice": 378,
    "totalRevenue": 3402,
    "totalCost": 2349,
    "profit": 1053
  },
  {
    "id": 466,
    "productId": 11,
    "productName": "Sunscreen SPF 50 250ml",
    "category": "Skincare",
    "date": "2025-08-02",
    "unitsSold": 7,
    "costPrice": 617,
    "salePrice": 788,
    "totalRevenue": 5516,
    "totalCost": 4319,
    "profit": 1197
  },
  {
    "id": 467,
    "productId": 30,
    "productName": "Anti-Aging Night Cream 500ml",
    "category": "Skincare",
    "date": "2025-10-08",
    "unitsSold": 7,
    "costPrice": 899,
    "salePrice": 1205,
    "totalRevenue": 8435,
    "totalCost": 6293,
    "profit": 2142
  },
  {
    "id": 468,
    "productId": 159,
    "productName": "Concealer Stick 500ml",
    "category": "Cosmetics",
    "date": "2025-10-08",
    "unitsSold": 3,
    "costPrice": 106,
    "salePrice": 151,
    "totalRevenue": 453,
    "totalCost": 318,
    "profit": 135
  },
  {
    "id": 469,
    "productId": 119,
    "productName": "Makeup Sponge 1L",
    "category": "Cosmetics",
    "date": "2025-09-20",
    "unitsSold": 9,
    "costPrice": 301,
    "salePrice": 427,
    "totalRevenue": 3843,
    "totalCost": 2709,
    "profit": 1134
  },
  {
    "id": 470,
    "productId": 169,
    "productName": "Hair Detangler Spray 250ml",
    "category": "Haircare",
    "date": "2025-09-10",
    "unitsSold": 1,
    "costPrice": 879,
    "salePrice": 1183,
    "totalRevenue": 1183,
    "totalCost": 879,
    "profit": 304
  },
  {
    "id": 471,
    "productId": 42,
    "productName": "Charcoal Face Mask 100ml",
    "category": "Skincare",
    "date": "2025-10-28",
    "unitsSold": 6,
    "costPrice": 158,
    "salePrice": 225,
    "totalRevenue": 1350,
    "totalCost": 948,
    "profit": 402
  },
  {
    "id": 472,
    "productId": 84,
    "productName": "Gentle Toner 100ml",
    "category": "Skincare",
    "date": "2025-09-20",
    "unitsSold": 1,
    "costPrice": 247,
    "salePrice": 352,
    "totalRevenue": 352,
    "totalCost": 247,
    "profit": 105
  },
  {
    "id": 473,
    "productId": 106,
    "productName": "Compact Powder 200ml",
    "category": "Cosmetics",
    "date": "2025-08-23",
    "unitsSold": 6,
    "costPrice": 668,
    "salePrice": 949,
    "totalRevenue": 5694,
    "totalCost": 4008,
    "profit": 1686
  },
  {
    "id": 474,
    "productId": 47,
    "productName": "Brightening Day Cream 50ml",
    "category": "Skincare",
    "date": "2025-10-08",
    "unitsSold": 5,
    "costPrice": 746,
    "salePrice": 993,
    "totalRevenue": 4965,
    "totalCost": 3730,
    "profit": 1235
  },
  {
    "id": 475,
    "productId": 61,
    "productName": "Rose Water Toner 50ml",
    "category": "Skincare",
    "date": "2025-09-24",
    "unitsSold": 5,
    "costPrice": 746,
    "salePrice": 992,
    "totalRevenue": 4960,
    "totalCost": 3730,
    "profit": 1230
  },
  {
    "id": 476,
    "productId": 147,
    "productName": "Makeup Sponge 200ml",
    "category": "Cosmetics",
    "date": "2025-09-08",
    "unitsSold": 3,
    "costPrice": 505,
    "salePrice": 750,
    "totalRevenue": 2250,
    "totalCost": 1515,
    "profit": 735
  },
  {
    "id": 477,
    "productId": 180,
    "productName": "Hair Strengthening Conditioner 200ml",
    "category": "Haircare",
    "date": "2025-10-07",
    "unitsSold": 2,
    "costPrice": 554,
    "salePrice": 728,
    "totalRevenue": 1456,
    "totalCost": 1108,
    "profit": 348
  },
  {
    "id": 478,
    "productId": 45,
    "productName": "Brightening Day Cream 1L",
    "category": "Skincare",
    "date": "2025-10-22",
    "unitsSold": 4,
    "costPrice": 515,
    "salePrice": 735,
    "totalRevenue": 2940,
    "totalCost": 2060,
    "profit": 880
  },
  {
    "id": 479,
    "productId": 78,
    "productName": "Oil-Free Moisturizer 500ml",
    "category": "Skincare",
    "date": "2025-08-11",
    "unitsSold": 3,
    "costPrice": 413,
    "salePrice": 573,
    "totalRevenue": 1719,
    "totalCost": 1239,
    "profit": 480
  },
  {
    "id": 480,
    "productId": 97,
    "productName": "Blush Powder 1L",
    "category": "Cosmetics",
    "date": "2025-09-29",
    "unitsSold": 5,
    "costPrice": 583,
    "salePrice": 867,
    "totalRevenue": 4335,
    "totalCost": 2915,
    "profit": 1420
  },
  {
    "id": 481,
    "productId": 127,
    "productName": "Foundation Liquid 50ml",
    "category": "Cosmetics",
    "date": "2025-08-15",
    "unitsSold": 10,
    "costPrice": 288,
    "salePrice": 375,
    "totalRevenue": 3750,
    "totalCost": 2880,
    "profit": 870
  },
  {
    "id": 482,
    "productId": 107,
    "productName": "Liquid Eyeliner 1L",
    "category": "Cosmetics",
    "date": "2025-09-07",
    "unitsSold": 3,
    "costPrice": 688,
    "salePrice": 967,
    "totalRevenue": 2901,
    "totalCost": 2064,
    "profit": 837
  },
  {
    "id": 483,
    "productId": 55,
    "productName": "Face Oil 30ml",
    "category": "Skincare",
    "date": "2025-09-19",
    "unitsSold": 9,
    "costPrice": 567,
    "salePrice": 751,
    "totalRevenue": 6759,
    "totalCost": 5103,
    "profit": 1656
  },
  {
    "id": 484,
    "productId": 196,
    "productName": "Repair Oil Blend 200ml",
    "category": "Haircare",
    "date": "2025-08-05",
    "unitsSold": 9,
    "costPrice": 908,
    "salePrice": 1194,
    "totalRevenue": 10746,
    "totalCost": 8172,
    "profit": 2574
  },
  {
    "id": 485,
    "productId": 39,
    "productName": "Face Cleanser 50ml",
    "category": "Skincare",
    "date": "2025-08-10",
    "unitsSold": 5,
    "costPrice": 261,
    "salePrice": 376,
    "totalRevenue": 1880,
    "totalCost": 1305,
    "profit": 575
  },
  {
    "id": 486,
    "productId": 150,
    "productName": "Makeup Remover 200ml",
    "category": "Cosmetics",
    "date": "2025-08-11",
    "unitsSold": 10,
    "costPrice": 158,
    "salePrice": 220,
    "totalRevenue": 2200,
    "totalCost": 1580,
    "profit": 620
  },
  {
    "id": 487,
    "productId": 132,
    "productName": "Makeup Sponge 30ml",
    "category": "Cosmetics",
    "date": "2025-10-07",
    "unitsSold": 4,
    "costPrice": 339,
    "salePrice": 501,
    "totalRevenue": 2004,
    "totalCost": 1356,
    "profit": 648
  },
  {
    "id": 488,
    "productId": 23,
    "productName": "Exfoliating Scrub 250ml",
    "category": "Skincare",
    "date": "2025-08-22",
    "unitsSold": 4,
    "costPrice": 365,
    "salePrice": 504,
    "totalRevenue": 2016,
    "totalCost": 1460,
    "profit": 556
  },
  {
    "id": 489,
    "productId": 21,
    "productName": "Hyaluronic Acid Serum 250ml",
    "category": "Skincare",
    "date": "2025-10-15",
    "unitsSold": 8,
    "costPrice": 171,
    "salePrice": 232,
    "totalRevenue": 1856,
    "totalCost": 1368,
    "profit": 488
  },
  {
    "id": 490,
    "productId": 21,
    "productName": "Hyaluronic Acid Serum 250ml",
    "category": "Skincare",
    "date": "2025-08-14",
    "unitsSold": 7,
    "costPrice": 171,
    "salePrice": 232,
    "totalRevenue": 1624,
    "totalCost": 1197,
    "profit": 427
  },
  {
    "id": 491,
    "productId": 33,
    "productName": "Oil-Free Moisturizer 200ml",
    "category": "Skincare",
    "date": "2025-10-06",
    "unitsSold": 10,
    "costPrice": 285,
    "salePrice": 411,
    "totalRevenue": 4110,
    "totalCost": 2850,
    "profit": 1260
  },
  {
    "id": 492,
    "productId": 62,
    "productName": "Gentle Toner 1L",
    "category": "Skincare",
    "date": "2025-09-19",
    "unitsSold": 9,
    "costPrice": 624,
    "salePrice": 878,
    "totalRevenue": 7902,
    "totalCost": 5616,
    "profit": 2286
  },
  {
    "id": 493,
    "productId": 189,
    "productName": "Smoothening Shampoo 500ml",
    "category": "Haircare",
    "date": "2025-08-26",
    "unitsSold": 2,
    "costPrice": 164,
    "salePrice": 212,
    "totalRevenue": 424,
    "totalCost": 328,
    "profit": 96
  },
  {
    "id": 494,
    "productId": 200,
    "productName": "Hair Styling Gel 30ml",
    "category": "Haircare",
    "date": "2025-08-29",
    "unitsSold": 1,
    "costPrice": 325,
    "salePrice": 434,
    "totalRevenue": 434,
    "totalCost": 325,
    "profit": 109
  },
  {
    "id": 495,
    "productId": 142,
    "productName": "Kajal Pencil 50ml",
    "category": "Cosmetics",
    "date": "2025-10-01",
    "unitsSold": 5,
    "costPrice": 592,
    "salePrice": 856,
    "totalRevenue": 4280,
    "totalCost": 2960,
    "profit": 1320
  },
  {
    "id": 496,
    "productId": 50,
    "productName": "Face Oil 100ml",
    "category": "Skincare",
    "date": "2025-08-08",
    "unitsSold": 2,
    "costPrice": 470,
    "salePrice": 653,
    "totalRevenue": 1306,
    "totalCost": 940,
    "profit": 366
  },
  {
    "id": 497,
    "productId": 157,
    "productName": "Lip Gloss 50ml",
    "category": "Cosmetics",
    "date": "2025-10-14",
    "unitsSold": 3,
    "costPrice": 410,
    "salePrice": 585,
    "totalRevenue": 1755,
    "totalCost": 1230,
    "profit": 525
  },
  {
    "id": 498,
    "productId": 80,
    "productName": "Charcoal Face Mask 100ml",
    "category": "Skincare",
    "date": "2025-09-14",
    "unitsSold": 2,
    "costPrice": 492,
    "salePrice": 679,
    "totalRevenue": 1358,
    "totalCost": 984,
    "profit": 374
  },
  {
    "id": 499,
    "productId": 155,
    "productName": "Contour Stick 100ml",
    "category": "Cosmetics",
    "date": "2025-09-30",
    "unitsSold": 7,
    "costPrice": 453,
    "salePrice": 666,
    "totalRevenue": 4662,
    "totalCost": 3171,
    "profit": 1491
  },
  {
    "id": 500,
    "productId": 13,
    "productName": "Under Eye Cream 1L",
    "category": "Skincare",
    "date": "2025-09-01",
    "unitsSold": 6,
    "costPrice": 286,
    "salePrice": 405,
    "totalRevenue": 2430,
    "totalCost": 1716,
    "profit": 714
  },
  {
    "id": 501,
    "productId": 200,
    "productName": "Hair Styling Gel 30ml",
    "category": "Haircare",
    "date": "2025-08-23",
    "unitsSold": 8,
    "costPrice": 325,
    "salePrice": 434,
    "totalRevenue": 3472,
    "totalCost": 2600,
    "profit": 872
  },
  {
    "id": 502,
    "productId": 149,
    "productName": "Makeup Sponge 1L",
    "category": "Cosmetics",
    "date": "2025-10-11",
    "unitsSold": 9,
    "costPrice": 325,
    "salePrice": 423,
    "totalRevenue": 3807,
    "totalCost": 2925,
    "profit": 882
  },
  {
    "id": 503,
    "productId": 173,
    "productName": "Color Protect Conditioner 1L",
    "category": "Haircare",
    "date": "2025-08-20",
    "unitsSold": 1,
    "costPrice": 924,
    "salePrice": 1191,
    "totalRevenue": 1191,
    "totalCost": 924,
    "profit": 267
  },
  {
    "id": 504,
    "productId": 160,
    "productName": "Liquid Eyeliner 30ml",
    "category": "Cosmetics",
    "date": "2025-10-23",
    "unitsSold": 6,
    "costPrice": 527,
    "salePrice": 769,
    "totalRevenue": 4614,
    "totalCost": 3162,
    "profit": 1452
  },
  {
    "id": 505,
    "productId": 68,
    "productName": "Aloe Vera Moisturizer 500ml",
    "category": "Skincare",
    "date": "2025-08-24",
    "unitsSold": 7,
    "costPrice": 156,
    "salePrice": 222,
    "totalRevenue": 1554,
    "totalCost": 1092,
    "profit": 462
  },
  {
    "id": 506,
    "productId": 89,
    "productName": "Vitamin C Face Wash 1L",
    "category": "Skincare",
    "date": "2025-10-05",
    "unitsSold": 5,
    "costPrice": 706,
    "salePrice": 960,
    "totalRevenue": 4800,
    "totalCost": 3530,
    "profit": 1270
  },
  {
    "id": 507,
    "productId": 111,
    "productName": "Blush Powder 500ml",
    "category": "Cosmetics",
    "date": "2025-09-16",
    "unitsSold": 10,
    "costPrice": 233,
    "salePrice": 312,
    "totalRevenue": 3120,
    "totalCost": 2330,
    "profit": 790
  },
  {
    "id": 508,
    "productId": 198,
    "productName": "Protein Hair Mask 100ml",
    "category": "Haircare",
    "date": "2025-10-24",
    "unitsSold": 3,
    "costPrice": 855,
    "salePrice": 1123,
    "totalRevenue": 3369,
    "totalCost": 2565,
    "profit": 804
  },
  {
    "id": 509,
    "productId": 156,
    "productName": "Kajal Pencil 500ml",
    "category": "Cosmetics",
    "date": "2025-09-22",
    "unitsSold": 4,
    "costPrice": 420,
    "salePrice": 598,
    "totalRevenue": 2392,
    "totalCost": 1680,
    "profit": 712
  },
  {
    "id": 510,
    "productId": 144,
    "productName": "Contour Stick 1L",
    "category": "Cosmetics",
    "date": "2025-10-22",
    "unitsSold": 8,
    "costPrice": 540,
    "salePrice": 802,
    "totalRevenue": 6416,
    "totalCost": 4320,
    "profit": 2096
  },
  {
    "id": 511,
    "productId": 79,
    "productName": "Brightening Day Cream 1L",
    "category": "Skincare",
    "date": "2025-10-05",
    "unitsSold": 6,
    "costPrice": 531,
    "salePrice": 732,
    "totalRevenue": 4392,
    "totalCost": 3186,
    "profit": 1206
  },
  {
    "id": 512,
    "productId": 188,
    "productName": "Nourishing Hair Cream 250ml",
    "category": "Haircare",
    "date": "2025-10-15",
    "unitsSold": 7,
    "costPrice": 406,
    "salePrice": 514,
    "totalRevenue": 3598,
    "totalCost": 2842,
    "profit": 756
  },
  {
    "id": 513,
    "productId": 44,
    "productName": "Hydrating Face Serum 200ml",
    "category": "Skincare",
    "date": "2025-09-21",
    "unitsSold": 4,
    "costPrice": 517,
    "salePrice": 704,
    "totalRevenue": 2816,
    "totalCost": 2068,
    "profit": 748
  },
  {
    "id": 514,
    "productId": 151,
    "productName": "Brow Pencil 100ml",
    "category": "Cosmetics",
    "date": "2025-10-01",
    "unitsSold": 2,
    "costPrice": 657,
    "salePrice": 866,
    "totalRevenue": 1732,
    "totalCost": 1314,
    "profit": 418
  },
  {
    "id": 515,
    "productId": 8,
    "productName": "Charcoal Face Mask 30ml",
    "category": "Skincare",
    "date": "2025-10-06",
    "unitsSold": 5,
    "costPrice": 462,
    "salePrice": 600,
    "totalRevenue": 3000,
    "totalCost": 2310,
    "profit": 690
  },
  {
    "id": 516,
    "productId": 69,
    "productName": "Under Eye Cream 50ml",
    "category": "Skincare",
    "date": "2025-10-26",
    "unitsSold": 6,
    "costPrice": 427,
    "salePrice": 545,
    "totalRevenue": 3270,
    "totalCost": 2562,
    "profit": 708
  },
  {
    "id": 517,
    "productId": 127,
    "productName": "Foundation Liquid 50ml",
    "category": "Cosmetics",
    "date": "2025-10-05",
    "unitsSold": 6,
    "costPrice": 288,
    "salePrice": 375,
    "totalRevenue": 2250,
    "totalCost": 1728,
    "profit": 522
  },
  {
    "id": 518,
    "productId": 42,
    "productName": "Charcoal Face Mask 100ml",
    "category": "Skincare",
    "date": "2025-10-02",
    "unitsSold": 5,
    "costPrice": 158,
    "salePrice": 225,
    "totalRevenue": 1125,
    "totalCost": 790,
    "profit": 335
  },
  {
    "id": 519,
    "productId": 185,
    "productName": "Frizz Control Cream 500ml",
    "category": "Haircare",
    "date": "2025-09-19",
    "unitsSold": 1,
    "costPrice": 799,
    "salePrice": 1043,
    "totalRevenue": 1043,
    "totalCost": 799,
    "profit": 244
  },
  {
    "id": 520,
    "productId": 104,
    "productName": "Contour Stick 50ml",
    "category": "Cosmetics",
    "date": "2025-08-21",
    "unitsSold": 5,
    "costPrice": 228,
    "salePrice": 320,
    "totalRevenue": 1600,
    "totalCost": 1140,
    "profit": 460
  },
  {
    "id": 521,
    "productId": 40,
    "productName": "Hyaluronic Acid Serum 1L",
    "category": "Skincare",
    "date": "2025-08-09",
    "unitsSold": 7,
    "costPrice": 449,
    "salePrice": 584,
    "totalRevenue": 4088,
    "totalCost": 3143,
    "profit": 945
  },
  {
    "id": 522,
    "productId": 39,
    "productName": "Face Cleanser 50ml",
    "category": "Skincare",
    "date": "2025-08-18",
    "unitsSold": 7,
    "costPrice": 261,
    "salePrice": 376,
    "totalRevenue": 2632,
    "totalCost": 1827,
    "profit": 805
  },
  {
    "id": 523,
    "productId": 10,
    "productName": "Face Cleanser 1L",
    "category": "Skincare",
    "date": "2025-10-27",
    "unitsSold": 5,
    "costPrice": 720,
    "salePrice": 1036,
    "totalRevenue": 5180,
    "totalCost": 3600,
    "profit": 1580
  },
  {
    "id": 524,
    "productId": 150,
    "productName": "Makeup Remover 200ml",
    "category": "Cosmetics",
    "date": "2025-09-14",
    "unitsSold": 5,
    "costPrice": 158,
    "salePrice": 220,
    "totalRevenue": 1100,
    "totalCost": 790,
    "profit": 310
  },
  {
    "id": 525,
    "productId": 183,
    "productName": "Curl Defining Cream 50ml",
    "category": "Haircare",
    "date": "2025-08-03",
    "unitsSold": 1,
    "costPrice": 470,
    "salePrice": 611,
    "totalRevenue": 611,
    "totalCost": 470,
    "profit": 141
  },
  {
    "id": 526,
    "productId": 36,
    "productName": "Brightening Day Cream 200ml",
    "category": "Skincare",
    "date": "2025-10-21",
    "unitsSold": 6,
    "costPrice": 811,
    "salePrice": 1032,
    "totalRevenue": 6192,
    "totalCost": 4866,
    "profit": 1326
  },
  {
    "id": 527,
    "productId": 87,
    "productName": "Acne Control Gel 1L",
    "category": "Skincare",
    "date": "2025-09-17",
    "unitsSold": 5,
    "costPrice": 675,
    "salePrice": 938,
    "totalRevenue": 4690,
    "totalCost": 3375,
    "profit": 1315
  },
  {
    "id": 528,
    "productId": 185,
    "productName": "Frizz Control Cream 500ml",
    "category": "Haircare",
    "date": "2025-09-27",
    "unitsSold": 2,
    "costPrice": 799,
    "salePrice": 1043,
    "totalRevenue": 2086,
    "totalCost": 1598,
    "profit": 488
  },
  {
    "id": 529,
    "productId": 30,
    "productName": "Anti-Aging Night Cream 500ml",
    "category": "Skincare",
    "date": "2025-09-22",
    "unitsSold": 2,
    "costPrice": 899,
    "salePrice": 1205,
    "totalRevenue": 2410,
    "totalCost": 1798,
    "profit": 612
  },
  {
    "id": 530,
    "productId": 59,
    "productName": "Clay Mask 100ml",
    "category": "Skincare",
    "date": "2025-09-15",
    "unitsSold": 10,
    "costPrice": 755,
    "salePrice": 955,
    "totalRevenue": 9550,
    "totalCost": 7550,
    "profit": 2000
  },
  {
    "id": 531,
    "productId": 124,
    "productName": "BB Cream 30ml",
    "category": "Cosmetics",
    "date": "2025-10-13",
    "unitsSold": 2,
    "costPrice": 509,
    "salePrice": 697,
    "totalRevenue": 1394,
    "totalCost": 1018,
    "profit": 376
  },
  {
    "id": 532,
    "productId": 181,
    "productName": "Hair Growth Serum 30ml",
    "category": "Haircare",
    "date": "2025-09-04",
    "unitsSold": 2,
    "costPrice": 498,
    "salePrice": 673,
    "totalRevenue": 1346,
    "totalCost": 996,
    "profit": 350
  },
  {
    "id": 533,
    "productId": 43,
    "productName": "Brightening Day Cream 1L",
    "category": "Skincare",
    "date": "2025-09-10",
    "unitsSold": 1,
    "costPrice": 365,
    "salePrice": 486,
    "totalRevenue": 486,
    "totalCost": 365,
    "profit": 121
  },
  {
    "id": 534,
    "productId": 131,
    "productName": "Setting Spray 200ml",
    "category": "Cosmetics",
    "date": "2025-10-21",
    "unitsSold": 2,
    "costPrice": 663,
    "salePrice": 868,
    "totalRevenue": 1736,
    "totalCost": 1326,
    "profit": 410
  },
  {
    "id": 535,
    "productId": 177,
    "productName": "Volumizing Shampoo 50ml",
    "category": "Haircare",
    "date": "2025-10-15",
    "unitsSold": 8,
    "costPrice": 773,
    "salePrice": 982,
    "totalRevenue": 7856,
    "totalCost": 6184,
    "profit": 1672
  },
  {
    "id": 536,
    "productId": 59,
    "productName": "Clay Mask 100ml",
    "category": "Skincare",
    "date": "2025-10-22",
    "unitsSold": 5,
    "costPrice": 755,
    "salePrice": 955,
    "totalRevenue": 4775,
    "totalCost": 3775,
    "profit": 1000
  },
  {
    "id": 537,
    "productId": 114,
    "productName": "BB Cream 1L",
    "category": "Cosmetics",
    "date": "2025-10-21",
    "unitsSold": 1,
    "costPrice": 365,
    "salePrice": 539,
    "totalRevenue": 539,
    "totalCost": 365,
    "profit": 174
  },
  {
    "id": 538,
    "productId": 9,
    "productName": "Acne Control Gel 200ml",
    "category": "Skincare",
    "date": "2025-10-10",
    "unitsSold": 4,
    "costPrice": 227,
    "salePrice": 317,
    "totalRevenue": 1268,
    "totalCost": 908,
    "profit": 360
  },
  {
    "id": 539,
    "productId": 164,
    "productName": "Hair Strengthening Conditioner 250ml",
    "category": "Haircare",
    "date": "2025-08-11",
    "unitsSold": 1,
    "costPrice": 356,
    "salePrice": 471,
    "totalRevenue": 471,
    "totalCost": 356,
    "profit": 115
  },
  {
    "id": 540,
    "productId": 56,
    "productName": "Vitamin C Face Wash 1L",
    "category": "Skincare",
    "date": "2025-10-13",
    "unitsSold": 4,
    "costPrice": 749,
    "salePrice": 1005,
    "totalRevenue": 4020,
    "totalCost": 2996,
    "profit": 1024
  },
  {
    "id": 541,
    "productId": 39,
    "productName": "Face Cleanser 50ml",
    "category": "Skincare",
    "date": "2025-09-01",
    "unitsSold": 8,
    "costPrice": 261,
    "salePrice": 376,
    "totalRevenue": 3008,
    "totalCost": 2088,
    "profit": 920
  },
  {
    "id": 542,
    "productId": 116,
    "productName": "Eyeshadow Palette 1L",
    "category": "Cosmetics",
    "date": "2025-09-06",
    "unitsSold": 1,
    "costPrice": 566,
    "salePrice": 807,
    "totalRevenue": 807,
    "totalCost": 566,
    "profit": 241
  },
  {
    "id": 543,
    "productId": 78,
    "productName": "Oil-Free Moisturizer 500ml",
    "category": "Skincare",
    "date": "2025-09-24",
    "unitsSold": 2,
    "costPrice": 413,
    "salePrice": 573,
    "totalRevenue": 1146,
    "totalCost": 826,
    "profit": 320
  },
  {
    "id": 544,
    "productId": 200,
    "productName": "Hair Styling Gel 30ml",
    "category": "Haircare",
    "date": "2025-10-04",
    "unitsSold": 4,
    "costPrice": 325,
    "salePrice": 434,
    "totalRevenue": 1736,
    "totalCost": 1300,
    "profit": 436
  },
  {
    "id": 545,
    "productId": 200,
    "productName": "Hair Styling Gel 30ml",
    "category": "Haircare",
    "date": "2025-09-13",
    "unitsSold": 7,
    "costPrice": 325,
    "salePrice": 434,
    "totalRevenue": 3038,
    "totalCost": 2275,
    "profit": 763
  },
  {
    "id": 546,
    "productId": 113,
    "productName": "Eyeshadow Palette 250ml",
    "category": "Cosmetics",
    "date": "2025-09-10",
    "unitsSold": 5,
    "costPrice": 299,
    "salePrice": 405,
    "totalRevenue": 2025,
    "totalCost": 1495,
    "profit": 530
  },
  {
    "id": 547,
    "productId": 43,
    "productName": "Brightening Day Cream 1L",
    "category": "Skincare",
    "date": "2025-10-11",
    "unitsSold": 4,
    "costPrice": 365,
    "salePrice": 486,
    "totalRevenue": 1944,
    "totalCost": 1460,
    "profit": 484
  },
  {
    "id": 548,
    "productId": 126,
    "productName": "Makeup Sponge 250ml",
    "category": "Cosmetics",
    "date": "2025-08-31",
    "unitsSold": 6,
    "costPrice": 626,
    "salePrice": 830,
    "totalRevenue": 4980,
    "totalCost": 3756,
    "profit": 1224
  },
  {
    "id": 549,
    "productId": 156,
    "productName": "Kajal Pencil 500ml",
    "category": "Cosmetics",
    "date": "2025-08-28",
    "unitsSold": 5,
    "costPrice": 420,
    "salePrice": 598,
    "totalRevenue": 2990,
    "totalCost": 2100,
    "profit": 890
  },
  {
    "id": 550,
    "productId": 159,
    "productName": "Concealer Stick 500ml",
    "category": "Cosmetics",
    "date": "2025-10-14",
    "unitsSold": 10,
    "costPrice": 106,
    "salePrice": 151,
    "totalRevenue": 1510,
    "totalCost": 1060,
    "profit": 450
  },
  {
    "id": 551,
    "productId": 175,
    "productName": "Hair Serum 1L",
    "category": "Haircare",
    "date": "2025-08-31",
    "unitsSold": 7,
    "costPrice": 359,
    "salePrice": 488,
    "totalRevenue": 3416,
    "totalCost": 2513,
    "profit": 903
  },
  {
    "id": 552,
    "productId": 43,
    "productName": "Brightening Day Cream 1L",
    "category": "Skincare",
    "date": "2025-09-02",
    "unitsSold": 2,
    "costPrice": 365,
    "salePrice": 486,
    "totalRevenue": 972,
    "totalCost": 730,
    "profit": 242
  },
  {
    "id": 553,
    "productId": 133,
    "productName": "Eyeshadow Palette 50ml",
    "category": "Cosmetics",
    "date": "2025-08-05",
    "unitsSold": 8,
    "costPrice": 601,
    "salePrice": 868,
    "totalRevenue": 6944,
    "totalCost": 4808,
    "profit": 2136
  },
  {
    "id": 554,
    "productId": 169,
    "productName": "Hair Detangler Spray 250ml",
    "category": "Haircare",
    "date": "2025-09-14",
    "unitsSold": 7,
    "costPrice": 879,
    "salePrice": 1183,
    "totalRevenue": 8281,
    "totalCost": 6153,
    "profit": 2128
  },
  {
    "id": 555,
    "productId": 13,
    "productName": "Under Eye Cream 1L",
    "category": "Skincare",
    "date": "2025-10-14",
    "unitsSold": 7,
    "costPrice": 286,
    "salePrice": 405,
    "totalRevenue": 2835,
    "totalCost": 2002,
    "profit": 833
  },
  {
    "id": 556,
    "productId": 77,
    "productName": "Exfoliating Scrub 30ml",
    "category": "Skincare",
    "date": "2025-10-01",
    "unitsSold": 8,
    "costPrice": 547,
    "salePrice": 701,
    "totalRevenue": 5608,
    "totalCost": 4376,
    "profit": 1232
  },
  {
    "id": 557,
    "productId": 168,
    "productName": "Anti-Dandruff Shampoo 500ml",
    "category": "Haircare",
    "date": "2025-10-01",
    "unitsSold": 7,
    "costPrice": 328,
    "salePrice": 453,
    "totalRevenue": 3171,
    "totalCost": 2296,
    "profit": 875
  },
  {
    "id": 558,
    "productId": 70,
    "productName": "Face Oil 200ml",
    "category": "Skincare",
    "date": "2025-09-08",
    "unitsSold": 8,
    "costPrice": 261,
    "salePrice": 357,
    "totalRevenue": 2856,
    "totalCost": 2088,
    "profit": 768
  },
  {
    "id": 559,
    "productId": 106,
    "productName": "Compact Powder 200ml",
    "category": "Cosmetics",
    "date": "2025-10-08",
    "unitsSold": 1,
    "costPrice": 668,
    "salePrice": 949,
    "totalRevenue": 949,
    "totalCost": 668,
    "profit": 281
  },
  {
    "id": 560,
    "productId": 131,
    "productName": "Setting Spray 200ml",
    "category": "Cosmetics",
    "date": "2025-09-08",
    "unitsSold": 7,
    "costPrice": 663,
    "salePrice": 868,
    "totalRevenue": 6076,
    "totalCost": 4641,
    "profit": 1435
  },
  {
    "id": 561,
    "productId": 125,
    "productName": "Kajal Pencil 100ml",
    "category": "Cosmetics",
    "date": "2025-09-18",
    "unitsSold": 4,
    "costPrice": 114,
    "salePrice": 155,
    "totalRevenue": 620,
    "totalCost": 456,
    "profit": 164
  },
  {
    "id": 562,
    "productId": 154,
    "productName": "Highlighter Palette 1L",
    "category": "Cosmetics",
    "date": "2025-09-23",
    "unitsSold": 6,
    "costPrice": 600,
    "salePrice": 828,
    "totalRevenue": 4968,
    "totalCost": 3600,
    "profit": 1368
  },
  {
    "id": 563,
    "productId": 63,
    "productName": "Vitamin C Face Wash 250ml",
    "category": "Skincare",
    "date": "2025-10-12",
    "unitsSold": 6,
    "costPrice": 435,
    "salePrice": 618,
    "totalRevenue": 3708,
    "totalCost": 2610,
    "profit": 1098
  },
  {
    "id": 564,
    "productId": 8,
    "productName": "Charcoal Face Mask 30ml",
    "category": "Skincare",
    "date": "2025-08-01",
    "unitsSold": 4,
    "costPrice": 462,
    "salePrice": 600,
    "totalRevenue": 2400,
    "totalCost": 1848,
    "profit": 552
  },
  {
    "id": 565,
    "productId": 25,
    "productName": "Peel Off Mask 200ml",
    "category": "Skincare",
    "date": "2025-09-10",
    "unitsSold": 9,
    "costPrice": 504,
    "salePrice": 670,
    "totalRevenue": 6030,
    "totalCost": 4536,
    "profit": 1494
  },
  {
    "id": 566,
    "productId": 135,
    "productName": "Setting Spray 1L",
    "category": "Cosmetics",
    "date": "2025-10-13",
    "unitsSold": 6,
    "costPrice": 106,
    "salePrice": 154,
    "totalRevenue": 924,
    "totalCost": 636,
    "profit": 288
  },
  {
    "id": 567,
    "productId": 120,
    "productName": "Setting Spray 100ml",
    "category": "Cosmetics",
    "date": "2025-09-19",
    "unitsSold": 5,
    "costPrice": 672,
    "salePrice": 937,
    "totalRevenue": 4685,
    "totalCost": 3360,
    "profit": 1325
  },
  {
    "id": 568,
    "productId": 132,
    "productName": "Makeup Sponge 30ml",
    "category": "Cosmetics",
    "date": "2025-08-07",
    "unitsSold": 5,
    "costPrice": 339,
    "salePrice": 501,
    "totalRevenue": 2505,
    "totalCost": 1695,
    "profit": 810
  },
  {
    "id": 569,
    "productId": 78,
    "productName": "Oil-Free Moisturizer 500ml",
    "category": "Skincare",
    "date": "2025-08-24",
    "unitsSold": 2,
    "costPrice": 413,
    "salePrice": 573,
    "totalRevenue": 1146,
    "totalCost": 826,
    "profit": 320
  },
  {
    "id": 570,
    "productId": 112,
    "productName": "Primer Cream 50ml",
    "category": "Cosmetics",
    "date": "2025-08-21",
    "unitsSold": 6,
    "costPrice": 614,
    "salePrice": 873,
    "totalRevenue": 5238,
    "totalCost": 3684,
    "profit": 1554
  },
  {
    "id": 571,
    "productId": 65,
    "productName": "Rose Water Toner 200ml",
    "category": "Skincare",
    "date": "2025-10-29",
    "unitsSold": 6,
    "costPrice": 886,
    "salePrice": 1191,
    "totalRevenue": 7146,
    "totalCost": 5316,
    "profit": 1830
  },
  {
    "id": 572,
    "productId": 40,
    "productName": "Hyaluronic Acid Serum 1L",
    "category": "Skincare",
    "date": "2025-10-27",
    "unitsSold": 8,
    "costPrice": 449,
    "salePrice": 584,
    "totalRevenue": 4672,
    "totalCost": 3592,
    "profit": 1080
  },
  {
    "id": 573,
    "productId": 176,
    "productName": "Heat Protectant Spray 500ml",
    "category": "Haircare",
    "date": "2025-10-04",
    "unitsSold": 5,
    "costPrice": 480,
    "salePrice": 603,
    "totalRevenue": 3015,
    "totalCost": 2400,
    "profit": 615
  },
  {
    "id": 574,
    "productId": 135,
    "productName": "Setting Spray 1L",
    "category": "Cosmetics",
    "date": "2025-08-16",
    "unitsSold": 5,
    "costPrice": 106,
    "salePrice": 154,
    "totalRevenue": 770,
    "totalCost": 530,
    "profit": 240
  },
  {
    "id": 575,
    "productId": 141,
    "productName": "Makeup Remover 100ml",
    "category": "Cosmetics",
    "date": "2025-08-12",
    "unitsSold": 7,
    "costPrice": 532,
    "salePrice": 727,
    "totalRevenue": 5089,
    "totalCost": 3724,
    "profit": 1365
  },
  {
    "id": 576,
    "productId": 53,
    "productName": "Nourishing Face Cream 100ml",
    "category": "Skincare",
    "date": "2025-09-20",
    "unitsSold": 1,
    "costPrice": 450,
    "salePrice": 583,
    "totalRevenue": 583,
    "totalCost": 450,
    "profit": 133
  },
  {
    "id": 577,
    "productId": 49,
    "productName": "Under Eye Cream 500ml",
    "category": "Skincare",
    "date": "2025-08-05",
    "unitsSold": 7,
    "costPrice": 350,
    "salePrice": 475,
    "totalRevenue": 3325,
    "totalCost": 2450,
    "profit": 875
  },
  {
    "id": 578,
    "productId": 111,
    "productName": "Blush Powder 500ml",
    "category": "Cosmetics",
    "date": "2025-09-15",
    "unitsSold": 7,
    "costPrice": 233,
    "salePrice": 312,
    "totalRevenue": 2184,
    "totalCost": 1631,
    "profit": 553
  },
  {
    "id": 579,
    "productId": 59,
    "productName": "Clay Mask 100ml",
    "category": "Skincare",
    "date": "2025-08-12",
    "unitsSold": 1,
    "costPrice": 755,
    "salePrice": 955,
    "totalRevenue": 955,
    "totalCost": 755,
    "profit": 200
  },
  {
    "id": 580,
    "productId": 9,
    "productName": "Acne Control Gel 200ml",
    "category": "Skincare",
    "date": "2025-10-20",
    "unitsSold": 7,
    "costPrice": 227,
    "salePrice": 317,
    "totalRevenue": 2219,
    "totalCost": 1589,
    "profit": 630
  },
  {
    "id": 581,
    "productId": 125,
    "productName": "Kajal Pencil 100ml",
    "category": "Cosmetics",
    "date": "2025-09-14",
    "unitsSold": 1,
    "costPrice": 114,
    "salePrice": 155,
    "totalRevenue": 155,
    "totalCost": 114,
    "profit": 41
  },
  {
    "id": 582,
    "productId": 165,
    "productName": "Argan Hair Oil 1L",
    "category": "Haircare",
    "date": "2025-08-28",
    "unitsSold": 10,
    "costPrice": 145,
    "salePrice": 197,
    "totalRevenue": 1970,
    "totalCost": 1450,
    "profit": 520
  },
  {
    "id": 583,
    "productId": 90,
    "productName": "Acne Control Gel 50ml",
    "category": "Skincare",
    "date": "2025-09-23",
    "unitsSold": 1,
    "costPrice": 877,
    "salePrice": 1098,
    "totalRevenue": 1098,
    "totalCost": 877,
    "profit": 221
  },
  {
    "id": 584,
    "productId": 124,
    "productName": "BB Cream 30ml",
    "category": "Cosmetics",
    "date": "2025-08-23",
    "unitsSold": 8,
    "costPrice": 509,
    "salePrice": 697,
    "totalRevenue": 5576,
    "totalCost": 4072,
    "profit": 1504
  },
  {
    "id": 585,
    "productId": 90,
    "productName": "Acne Control Gel 50ml",
    "category": "Skincare",
    "date": "2025-09-15",
    "unitsSold": 4,
    "costPrice": 877,
    "salePrice": 1098,
    "totalRevenue": 4392,
    "totalCost": 3508,
    "profit": 884
  },
  {
    "id": 586,
    "productId": 97,
    "productName": "Blush Powder 1L",
    "category": "Cosmetics",
    "date": "2025-10-20",
    "unitsSold": 8,
    "costPrice": 583,
    "salePrice": 867,
    "totalRevenue": 6936,
    "totalCost": 4664,
    "profit": 2272
  },
  {
    "id": 587,
    "productId": 140,
    "productName": "Compact Powder 250ml",
    "category": "Cosmetics",
    "date": "2025-10-09",
    "unitsSold": 2,
    "costPrice": 227,
    "salePrice": 300,
    "totalRevenue": 600,
    "totalCost": 454,
    "profit": 146
  },
  {
    "id": 588,
    "productId": 83,
    "productName": "Under Eye Cream 250ml",
    "category": "Skincare",
    "date": "2025-08-24",
    "unitsSold": 2,
    "costPrice": 171,
    "salePrice": 222,
    "totalRevenue": 444,
    "totalCost": 342,
    "profit": 102
  },
  {
    "id": 589,
    "productId": 147,
    "productName": "Makeup Sponge 200ml",
    "category": "Cosmetics",
    "date": "2025-10-10",
    "unitsSold": 5,
    "costPrice": 505,
    "salePrice": 750,
    "totalRevenue": 3750,
    "totalCost": 2525,
    "profit": 1225
  },
  {
    "id": 590,
    "productId": 86,
    "productName": "Sunscreen SPF 50 1L",
    "category": "Skincare",
    "date": "2025-08-11",
    "unitsSold": 7,
    "costPrice": 357,
    "salePrice": 464,
    "totalRevenue": 3248,
    "totalCost": 2499,
    "profit": 749
  },
  {
    "id": 591,
    "productId": 100,
    "productName": "Lip Liner 50ml",
    "category": "Cosmetics",
    "date": "2025-10-06",
    "unitsSold": 7,
    "costPrice": 193,
    "salePrice": 262,
    "totalRevenue": 1834,
    "totalCost": 1351,
    "profit": 483
  },
  {
    "id": 592,
    "productId": 37,
    "productName": "Peel Off Mask 50ml",
    "category": "Skincare",
    "date": "2025-09-09",
    "unitsSold": 10,
    "costPrice": 168,
    "salePrice": 220,
    "totalRevenue": 2200,
    "totalCost": 1680,
    "profit": 520
  },
  {
    "id": 593,
    "productId": 74,
    "productName": "Under Eye Cream 1L",
    "category": "Skincare",
    "date": "2025-10-04",
    "unitsSold": 2,
    "costPrice": 279,
    "salePrice": 377,
    "totalRevenue": 754,
    "totalCost": 558,
    "profit": 196
  },
  {
    "id": 594,
    "productId": 89,
    "productName": "Vitamin C Face Wash 1L",
    "category": "Skincare",
    "date": "2025-08-06",
    "unitsSold": 5,
    "costPrice": 706,
    "salePrice": 960,
    "totalRevenue": 4800,
    "totalCost": 3530,
    "profit": 1270
  },
  {
    "id": 595,
    "productId": 75,
    "productName": "Hyaluronic Acid Serum 1L",
    "category": "Skincare",
    "date": "2025-09-01",
    "unitsSold": 8,
    "costPrice": 887,
    "salePrice": 1151,
    "totalRevenue": 9208,
    "totalCost": 7096,
    "profit": 2112
  },
  {
    "id": 596,
    "productId": 120,
    "productName": "Setting Spray 100ml",
    "category": "Cosmetics",
    "date": "2025-08-26",
    "unitsSold": 2,
    "costPrice": 672,
    "salePrice": 937,
    "totalRevenue": 1874,
    "totalCost": 1344,
    "profit": 530
  },
  {
    "id": 597,
    "productId": 18,
    "productName": "Clay Mask 100ml",
    "category": "Skincare",
    "date": "2025-09-10",
    "unitsSold": 5,
    "costPrice": 442,
    "salePrice": 583,
    "totalRevenue": 2915,
    "totalCost": 2210,
    "profit": 705
  },
  {
    "id": 598,
    "productId": 15,
    "productName": "Face Cleanser 30ml",
    "category": "Skincare",
    "date": "2025-09-08",
    "unitsSold": 7,
    "costPrice": 687,
    "salePrice": 959,
    "totalRevenue": 6713,
    "totalCost": 4809,
    "profit": 1904
  },
  {
    "id": 599,
    "productId": 66,
    "productName": "Rose Water Toner 100ml",
    "category": "Skincare",
    "date": "2025-09-10",
    "unitsSold": 3,
    "costPrice": 725,
    "salePrice": 918,
    "totalRevenue": 2754,
    "totalCost": 2175,
    "profit": 579
  },
  {
    "id": 600,
    "productId": 138,
    "productName": "Liquid Eyeliner 250ml",
    "category": "Cosmetics",
    "date": "2025-09-03",
    "unitsSold": 9,
    "costPrice": 425,
    "salePrice": 595,
    "totalRevenue": 5355,
    "totalCost": 3825,
    "profit": 1530
  },
  {
    "id": 601,
    "productId": 1,
    "productName": "Exfoliating Scrub 500ml",
    "category": "Skincare",
    "date": "2025-10-11",
    "unitsSold": 8,
    "costPrice": 181,
    "salePrice": 249,
    "totalRevenue": 1992,
    "totalCost": 1448,
    "profit": 544
  },
  {
    "id": 602,
    "productId": 115,
    "productName": "Setting Spray 1L",
    "category": "Cosmetics",
    "date": "2025-09-01",
    "unitsSold": 6,
    "costPrice": 411,
    "salePrice": 595,
    "totalRevenue": 3570,
    "totalCost": 2466,
    "profit": 1104
  },
  {
    "id": 603,
    "productId": 124,
    "productName": "BB Cream 30ml",
    "category": "Cosmetics",
    "date": "2025-10-20",
    "unitsSold": 9,
    "costPrice": 509,
    "salePrice": 697,
    "totalRevenue": 6273,
    "totalCost": 4581,
    "profit": 1692
  },
  {
    "id": 604,
    "productId": 24,
    "productName": "Clay Mask 50ml",
    "category": "Skincare",
    "date": "2025-08-22",
    "unitsSold": 3,
    "costPrice": 168,
    "salePrice": 226,
    "totalRevenue": 678,
    "totalCost": 504,
    "profit": 174
  },
  {
    "id": 605,
    "productId": 100,
    "productName": "Lip Liner 50ml",
    "category": "Cosmetics",
    "date": "2025-08-26",
    "unitsSold": 4,
    "costPrice": 193,
    "salePrice": 262,
    "totalRevenue": 1048,
    "totalCost": 772,
    "profit": 276
  },
  {
    "id": 606,
    "productId": 4,
    "productName": "Aloe Vera Moisturizer 100ml",
    "category": "Skincare",
    "date": "2025-10-31",
    "unitsSold": 8,
    "costPrice": 403,
    "salePrice": 528,
    "totalRevenue": 4224,
    "totalCost": 3224,
    "profit": 1000
  },
  {
    "id": 607,
    "productId": 19,
    "productName": "Hydrating Face Serum 1L",
    "category": "Skincare",
    "date": "2025-08-24",
    "unitsSold": 9,
    "costPrice": 784,
    "salePrice": 980,
    "totalRevenue": 8820,
    "totalCost": 7056,
    "profit": 1764
  },
  {
    "id": 608,
    "productId": 89,
    "productName": "Vitamin C Face Wash 1L",
    "category": "Skincare",
    "date": "2025-10-30",
    "unitsSold": 5,
    "costPrice": 706,
    "salePrice": 960,
    "totalRevenue": 4800,
    "totalCost": 3530,
    "profit": 1270
  },
  {
    "id": 609,
    "productId": 79,
    "productName": "Brightening Day Cream 1L",
    "category": "Skincare",
    "date": "2025-08-13",
    "unitsSold": 8,
    "costPrice": 531,
    "salePrice": 732,
    "totalRevenue": 5856,
    "totalCost": 4248,
    "profit": 1608
  },
  {
    "id": 610,
    "productId": 178,
    "productName": "Curl Defining Cream 200ml",
    "category": "Haircare",
    "date": "2025-10-09",
    "unitsSold": 4,
    "costPrice": 347,
    "salePrice": 450,
    "totalRevenue": 1800,
    "totalCost": 1388,
    "profit": 412
  },
  {
    "id": 611,
    "productId": 156,
    "productName": "Kajal Pencil 500ml",
    "category": "Cosmetics",
    "date": "2025-09-02",
    "unitsSold": 3,
    "costPrice": 420,
    "salePrice": 598,
    "totalRevenue": 1794,
    "totalCost": 1260,
    "profit": 534
  },
  {
    "id": 612,
    "productId": 71,
    "productName": "Exfoliating Scrub 30ml",
    "category": "Skincare",
    "date": "2025-08-22",
    "unitsSold": 1,
    "costPrice": 220,
    "salePrice": 290,
    "totalRevenue": 290,
    "totalCost": 220,
    "profit": 70
  },
  {
    "id": 613,
    "productId": 102,
    "productName": "Concealer Stick 50ml",
    "category": "Cosmetics",
    "date": "2025-09-26",
    "unitsSold": 5,
    "costPrice": 171,
    "salePrice": 235,
    "totalRevenue": 1175,
    "totalCost": 855,
    "profit": 320
  },
  {
    "id": 614,
    "productId": 10,
    "productName": "Face Cleanser 1L",
    "category": "Skincare",
    "date": "2025-08-12",
    "unitsSold": 6,
    "costPrice": 720,
    "salePrice": 1036,
    "totalRevenue": 6216,
    "totalCost": 4320,
    "profit": 1896
  },
  {
    "id": 615,
    "productId": 29,
    "productName": "Clay Mask 500ml",
    "category": "Skincare",
    "date": "2025-09-28",
    "unitsSold": 7,
    "costPrice": 898,
    "salePrice": 1159,
    "totalRevenue": 8113,
    "totalCost": 6286,
    "profit": 1827
  },
  {
    "id": 616,
    "productId": 74,
    "productName": "Under Eye Cream 1L",
    "category": "Skincare",
    "date": "2025-08-26",
    "unitsSold": 7,
    "costPrice": 279,
    "salePrice": 377,
    "totalRevenue": 2639,
    "totalCost": 1953,
    "profit": 686
  },
  {
    "id": 617,
    "productId": 183,
    "productName": "Curl Defining Cream 50ml",
    "category": "Haircare",
    "date": "2025-09-16",
    "unitsSold": 1,
    "costPrice": 470,
    "salePrice": 611,
    "totalRevenue": 611,
    "totalCost": 470,
    "profit": 141
  },
  {
    "id": 618,
    "productId": 7,
    "productName": "Peel Off Mask 250ml",
    "category": "Skincare",
    "date": "2025-10-28",
    "unitsSold": 8,
    "costPrice": 279,
    "salePrice": 385,
    "totalRevenue": 3080,
    "totalCost": 2232,
    "profit": 848
  },
  {
    "id": 619,
    "productId": 166,
    "productName": "Hair Detangler Spray 250ml",
    "category": "Haircare",
    "date": "2025-08-11",
    "unitsSold": 1,
    "costPrice": 441,
    "salePrice": 578,
    "totalRevenue": 578,
    "totalCost": 441,
    "profit": 137
  },
  {
    "id": 620,
    "productId": 16,
    "productName": "Rose Water Toner 50ml",
    "category": "Skincare",
    "date": "2025-09-09",
    "unitsSold": 10,
    "costPrice": 734,
    "salePrice": 1012,
    "totalRevenue": 10120,
    "totalCost": 7340,
    "profit": 2780
  },
  {
    "id": 621,
    "productId": 116,
    "productName": "Eyeshadow Palette 1L",
    "category": "Cosmetics",
    "date": "2025-10-02",
    "unitsSold": 7,
    "costPrice": 566,
    "salePrice": 807,
    "totalRevenue": 5649,
    "totalCost": 3962,
    "profit": 1687
  },
  {
    "id": 622,
    "productId": 141,
    "productName": "Makeup Remover 100ml",
    "category": "Cosmetics",
    "date": "2025-09-28",
    "unitsSold": 5,
    "costPrice": 532,
    "salePrice": 727,
    "totalRevenue": 3635,
    "totalCost": 2660,
    "profit": 975
  },
  {
    "id": 623,
    "productId": 121,
    "productName": "Lip Liner 100ml",
    "category": "Cosmetics",
    "date": "2025-09-19",
    "unitsSold": 4,
    "costPrice": 252,
    "salePrice": 357,
    "totalRevenue": 1428,
    "totalCost": 1008,
    "profit": 420
  },
  {
    "id": 624,
    "productId": 188,
    "productName": "Nourishing Hair Cream 250ml",
    "category": "Haircare",
    "date": "2025-10-26",
    "unitsSold": 7,
    "costPrice": 406,
    "salePrice": 514,
    "totalRevenue": 3598,
    "totalCost": 2842,
    "profit": 756
  },
  {
    "id": 625,
    "productId": 76,
    "productName": "Acne Control Gel 200ml",
    "category": "Skincare",
    "date": "2025-09-07",
    "unitsSold": 9,
    "costPrice": 481,
    "salePrice": 629,
    "totalRevenue": 5661,
    "totalCost": 4329,
    "profit": 1332
  },
  {
    "id": 626,
    "productId": 122,
    "productName": "Makeup Remover 200ml",
    "category": "Cosmetics",
    "date": "2025-10-21",
    "unitsSold": 10,
    "costPrice": 616,
    "salePrice": 866,
    "totalRevenue": 8660,
    "totalCost": 6160,
    "profit": 2500
  },
  {
    "id": 627,
    "productId": 28,
    "productName": "Clay Mask 500ml",
    "category": "Skincare",
    "date": "2025-10-26",
    "unitsSold": 4,
    "costPrice": 348,
    "salePrice": 442,
    "totalRevenue": 1768,
    "totalCost": 1392,
    "profit": 376
  },
  {
    "id": 628,
    "productId": 4,
    "productName": "Aloe Vera Moisturizer 100ml",
    "category": "Skincare",
    "date": "2025-10-12",
    "unitsSold": 7,
    "costPrice": 403,
    "salePrice": 528,
    "totalRevenue": 3696,
    "totalCost": 2821,
    "profit": 875
  },
  {
    "id": 629,
    "productId": 17,
    "productName": "Exfoliating Scrub 50ml",
    "category": "Skincare",
    "date": "2025-09-02",
    "unitsSold": 10,
    "costPrice": 393,
    "salePrice": 512,
    "totalRevenue": 5120,
    "totalCost": 3930,
    "profit": 1190
  },
  {
    "id": 630,
    "productId": 25,
    "productName": "Peel Off Mask 200ml",
    "category": "Skincare",
    "date": "2025-09-29",
    "unitsSold": 9,
    "costPrice": 504,
    "salePrice": 670,
    "totalRevenue": 6030,
    "totalCost": 4536,
    "profit": 1494
  },
  {
    "id": 631,
    "productId": 18,
    "productName": "Clay Mask 100ml",
    "category": "Skincare",
    "date": "2025-08-04",
    "unitsSold": 9,
    "costPrice": 442,
    "salePrice": 583,
    "totalRevenue": 5247,
    "totalCost": 3978,
    "profit": 1269
  },
  {
    "id": 632,
    "productId": 81,
    "productName": "Gentle Toner 1L",
    "category": "Skincare",
    "date": "2025-08-06",
    "unitsSold": 1,
    "costPrice": 805,
    "salePrice": 1085,
    "totalRevenue": 1085,
    "totalCost": 805,
    "profit": 280
  },
  {
    "id": 633,
    "productId": 172,
    "productName": "Anti-Dandruff Shampoo 250ml",
    "category": "Haircare",
    "date": "2025-10-12",
    "unitsSold": 5,
    "costPrice": 497,
    "salePrice": 634,
    "totalRevenue": 3170,
    "totalCost": 2485,
    "profit": 685
  },
  {
    "id": 634,
    "productId": 167,
    "productName": "Nourishing Hair Cream 30ml",
    "category": "Haircare",
    "date": "2025-09-14",
    "unitsSold": 1,
    "costPrice": 242,
    "salePrice": 337,
    "totalRevenue": 337,
    "totalCost": 242,
    "profit": 95
  },
  {
    "id": 635,
    "productId": 99,
    "productName": "Lip Gloss 1L",
    "category": "Cosmetics",
    "date": "2025-10-01",
    "unitsSold": 6,
    "costPrice": 193,
    "salePrice": 258,
    "totalRevenue": 1548,
    "totalCost": 1158,
    "profit": 390
  },
  {
    "id": 636,
    "productId": 3,
    "productName": "Under Eye Cream 100ml",
    "category": "Skincare",
    "date": "2025-08-28",
    "unitsSold": 9,
    "costPrice": 877,
    "salePrice": 1146,
    "totalRevenue": 10314,
    "totalCost": 7893,
    "profit": 2421
  },
  {
    "id": 637,
    "productId": 36,
    "productName": "Brightening Day Cream 200ml",
    "category": "Skincare",
    "date": "2025-09-23",
    "unitsSold": 7,
    "costPrice": 811,
    "salePrice": 1032,
    "totalRevenue": 7224,
    "totalCost": 5677,
    "profit": 1547
  },
  {
    "id": 638,
    "productId": 171,
    "productName": "Leave-In Conditioner 500ml",
    "category": "Haircare",
    "date": "2025-08-25",
    "unitsSold": 7,
    "costPrice": 453,
    "salePrice": 567,
    "totalRevenue": 3969,
    "totalCost": 3171,
    "profit": 798
  },
  {
    "id": 639,
    "productId": 89,
    "productName": "Vitamin C Face Wash 1L",
    "category": "Skincare",
    "date": "2025-08-30",
    "unitsSold": 9,
    "costPrice": 706,
    "salePrice": 960,
    "totalRevenue": 8640,
    "totalCost": 6354,
    "profit": 2286
  },
  {
    "id": 640,
    "productId": 16,
    "productName": "Rose Water Toner 50ml",
    "category": "Skincare",
    "date": "2025-09-24",
    "unitsSold": 4,
    "costPrice": 734,
    "salePrice": 1012,
    "totalRevenue": 4048,
    "totalCost": 2936,
    "profit": 1112
  },
  {
    "id": 641,
    "productId": 63,
    "productName": "Vitamin C Face Wash 250ml",
    "category": "Skincare",
    "date": "2025-10-06",
    "unitsSold": 3,
    "costPrice": 435,
    "salePrice": 618,
    "totalRevenue": 1854,
    "totalCost": 1305,
    "profit": 549
  },
  {
    "id": 642,
    "productId": 121,
    "productName": "Lip Liner 100ml",
    "category": "Cosmetics",
    "date": "2025-09-26",
    "unitsSold": 8,
    "costPrice": 252,
    "salePrice": 357,
    "totalRevenue": 2856,
    "totalCost": 2016,
    "profit": 840
  },
  {
    "id": 643,
    "productId": 9,
    "productName": "Acne Control Gel 200ml",
    "category": "Skincare",
    "date": "2025-08-15",
    "unitsSold": 10,
    "costPrice": 227,
    "salePrice": 317,
    "totalRevenue": 3170,
    "totalCost": 2270,
    "profit": 900
  },
  {
    "id": 644,
    "productId": 115,
    "productName": "Setting Spray 1L",
    "category": "Cosmetics",
    "date": "2025-09-20",
    "unitsSold": 1,
    "costPrice": 411,
    "salePrice": 595,
    "totalRevenue": 595,
    "totalCost": 411,
    "profit": 184
  },
  {
    "id": 645,
    "productId": 139,
    "productName": "Matte Finish Lipstick 1L",
    "category": "Cosmetics",
    "date": "2025-08-12",
    "unitsSold": 3,
    "costPrice": 223,
    "salePrice": 327,
    "totalRevenue": 981,
    "totalCost": 669,
    "profit": 312
  },
  {
    "id": 646,
    "productId": 139,
    "productName": "Matte Finish Lipstick 1L",
    "category": "Cosmetics",
    "date": "2025-08-07",
    "unitsSold": 1,
    "costPrice": 223,
    "salePrice": 327,
    "totalRevenue": 327,
    "totalCost": 223,
    "profit": 104
  },
  {
    "id": 647,
    "productId": 37,
    "productName": "Peel Off Mask 50ml",
    "category": "Skincare",
    "date": "2025-09-07",
    "unitsSold": 2,
    "costPrice": 168,
    "salePrice": 220,
    "totalRevenue": 440,
    "totalCost": 336,
    "profit": 104
  },
  {
    "id": 648,
    "productId": 64,
    "productName": "Brightening Day Cream 100ml",
    "category": "Skincare",
    "date": "2025-09-23",
    "unitsSold": 8,
    "costPrice": 251,
    "salePrice": 339,
    "totalRevenue": 2712,
    "totalCost": 2008,
    "profit": 704
  },
  {
    "id": 649,
    "productId": 183,
    "productName": "Curl Defining Cream 50ml",
    "category": "Haircare",
    "date": "2025-09-09",
    "unitsSold": 6,
    "costPrice": 470,
    "salePrice": 611,
    "totalRevenue": 3666,
    "totalCost": 2820,
    "profit": 846
  },
  {
    "id": 650,
    "productId": 52,
    "productName": "Under Eye Cream 200ml",
    "category": "Skincare",
    "date": "2025-10-24",
    "unitsSold": 8,
    "costPrice": 497,
    "salePrice": 669,
    "totalRevenue": 5352,
    "totalCost": 3976,
    "profit": 1376
  },
  {
    "id": 651,
    "productId": 153,
    "productName": "Brow Pencil 50ml",
    "category": "Cosmetics",
    "date": "2025-08-15",
    "unitsSold": 3,
    "costPrice": 271,
    "salePrice": 353,
    "totalRevenue": 1059,
    "totalCost": 813,
    "profit": 246
  },
  {
    "id": 652,
    "productId": 149,
    "productName": "Makeup Sponge 1L",
    "category": "Cosmetics",
    "date": "2025-10-12",
    "unitsSold": 7,
    "costPrice": 325,
    "salePrice": 423,
    "totalRevenue": 2961,
    "totalCost": 2275,
    "profit": 686
  },
  {
    "id": 653,
    "productId": 83,
    "productName": "Under Eye Cream 250ml",
    "category": "Skincare",
    "date": "2025-08-05",
    "unitsSold": 1,
    "costPrice": 171,
    "salePrice": 222,
    "totalRevenue": 222,
    "totalCost": 171,
    "profit": 51
  },
  {
    "id": 654,
    "productId": 180,
    "productName": "Hair Strengthening Conditioner 200ml",
    "category": "Haircare",
    "date": "2025-08-15",
    "unitsSold": 5,
    "costPrice": 554,
    "salePrice": 728,
    "totalRevenue": 3640,
    "totalCost": 2770,
    "profit": 870
  },
  {
    "id": 655,
    "productId": 190,
    "productName": "Nourishing Hair Cream 100ml",
    "category": "Haircare",
    "date": "2025-09-16",
    "unitsSold": 4,
    "costPrice": 773,
    "salePrice": 1073,
    "totalRevenue": 4292,
    "totalCost": 3092,
    "profit": 1200
  },
  {
    "id": 656,
    "productId": 164,
    "productName": "Hair Strengthening Conditioner 250ml",
    "category": "Haircare",
    "date": "2025-10-12",
    "unitsSold": 6,
    "costPrice": 356,
    "salePrice": 471,
    "totalRevenue": 2826,
    "totalCost": 2136,
    "profit": 690
  },
  {
    "id": 657,
    "productId": 165,
    "productName": "Argan Hair Oil 1L",
    "category": "Haircare",
    "date": "2025-09-30",
    "unitsSold": 9,
    "costPrice": 145,
    "salePrice": 197,
    "totalRevenue": 1773,
    "totalCost": 1305,
    "profit": 468
  },
  {
    "id": 658,
    "productId": 101,
    "productName": "Setting Spray 100ml",
    "category": "Cosmetics",
    "date": "2025-10-13",
    "unitsSold": 3,
    "costPrice": 313,
    "salePrice": 411,
    "totalRevenue": 1233,
    "totalCost": 939,
    "profit": 294
  },
  {
    "id": 659,
    "productId": 110,
    "productName": "Volumizing Mascara 30ml",
    "category": "Cosmetics",
    "date": "2025-08-13",
    "unitsSold": 6,
    "costPrice": 454,
    "salePrice": 666,
    "totalRevenue": 3996,
    "totalCost": 2724,
    "profit": 1272
  },
  {
    "id": 660,
    "productId": 19,
    "productName": "Hydrating Face Serum 1L",
    "category": "Skincare",
    "date": "2025-10-24",
    "unitsSold": 4,
    "costPrice": 784,
    "salePrice": 980,
    "totalRevenue": 3920,
    "totalCost": 3136,
    "profit": 784
  },
  {
    "id": 661,
    "productId": 193,
    "productName": "Hair Styling Gel 1L",
    "category": "Haircare",
    "date": "2025-10-16",
    "unitsSold": 3,
    "costPrice": 219,
    "salePrice": 294,
    "totalRevenue": 882,
    "totalCost": 657,
    "profit": 225
  },
  {
    "id": 662,
    "productId": 93,
    "productName": "Tinted Lip Balm 30ml",
    "category": "Cosmetics",
    "date": "2025-10-22",
    "unitsSold": 6,
    "costPrice": 514,
    "salePrice": 688,
    "totalRevenue": 4128,
    "totalCost": 3084,
    "profit": 1044
  },
  {
    "id": 663,
    "productId": 134,
    "productName": "Foundation Liquid 50ml",
    "category": "Cosmetics",
    "date": "2025-10-19",
    "unitsSold": 3,
    "costPrice": 180,
    "salePrice": 237,
    "totalRevenue": 711,
    "totalCost": 540,
    "profit": 171
  },
  {
    "id": 664,
    "productId": 82,
    "productName": "Nourishing Face Cream 1L",
    "category": "Skincare",
    "date": "2025-10-02",
    "unitsSold": 7,
    "costPrice": 715,
    "salePrice": 966,
    "totalRevenue": 6762,
    "totalCost": 5005,
    "profit": 1757
  },
  {
    "id": 665,
    "productId": 172,
    "productName": "Anti-Dandruff Shampoo 250ml",
    "category": "Haircare",
    "date": "2025-10-13",
    "unitsSold": 3,
    "costPrice": 497,
    "salePrice": 634,
    "totalRevenue": 1902,
    "totalCost": 1491,
    "profit": 411
  },
  {
    "id": 666,
    "productId": 6,
    "productName": "Sunscreen SPF 50 200ml",
    "category": "Skincare",
    "date": "2025-09-25",
    "unitsSold": 8,
    "costPrice": 157,
    "salePrice": 209,
    "totalRevenue": 1672,
    "totalCost": 1256,
    "profit": 416
  },
  {
    "id": 667,
    "productId": 62,
    "productName": "Gentle Toner 1L",
    "category": "Skincare",
    "date": "2025-10-25",
    "unitsSold": 4,
    "costPrice": 624,
    "salePrice": 878,
    "totalRevenue": 3512,
    "totalCost": 2496,
    "profit": 1016
  },
  {
    "id": 668,
    "productId": 58,
    "productName": "Vitamin C Face Wash 50ml",
    "category": "Skincare",
    "date": "2025-10-19",
    "unitsSold": 5,
    "costPrice": 156,
    "salePrice": 216,
    "totalRevenue": 1080,
    "totalCost": 780,
    "profit": 300
  },
  {
    "id": 669,
    "productId": 31,
    "productName": "Nourishing Face Cream 200ml",
    "category": "Skincare",
    "date": "2025-08-28",
    "unitsSold": 9,
    "costPrice": 732,
    "salePrice": 1031,
    "totalRevenue": 9279,
    "totalCost": 6588,
    "profit": 2691
  },
  {
    "id": 670,
    "productId": 37,
    "productName": "Peel Off Mask 50ml",
    "category": "Skincare",
    "date": "2025-08-08",
    "unitsSold": 1,
    "costPrice": 168,
    "salePrice": 220,
    "totalRevenue": 220,
    "totalCost": 168,
    "profit": 52
  },
  {
    "id": 671,
    "productId": 166,
    "productName": "Hair Detangler Spray 250ml",
    "category": "Haircare",
    "date": "2025-09-02",
    "unitsSold": 3,
    "costPrice": 441,
    "salePrice": 578,
    "totalRevenue": 1734,
    "totalCost": 1323,
    "profit": 411
  },
  {
    "id": 672,
    "productId": 175,
    "productName": "Hair Serum 1L",
    "category": "Haircare",
    "date": "2025-09-18",
    "unitsSold": 1,
    "costPrice": 359,
    "salePrice": 488,
    "totalRevenue": 488,
    "totalCost": 359,
    "profit": 129
  },
  {
    "id": 673,
    "productId": 13,
    "productName": "Under Eye Cream 1L",
    "category": "Skincare",
    "date": "2025-09-20",
    "unitsSold": 4,
    "costPrice": 286,
    "salePrice": 405,
    "totalRevenue": 1620,
    "totalCost": 1144,
    "profit": 476
  },
  {
    "id": 674,
    "productId": 49,
    "productName": "Under Eye Cream 500ml",
    "category": "Skincare",
    "date": "2025-08-21",
    "unitsSold": 5,
    "costPrice": 350,
    "salePrice": 475,
    "totalRevenue": 2375,
    "totalCost": 1750,
    "profit": 625
  },
  {
    "id": 675,
    "productId": 18,
    "productName": "Clay Mask 100ml",
    "category": "Skincare",
    "date": "2025-09-19",
    "unitsSold": 8,
    "costPrice": 442,
    "salePrice": 583,
    "totalRevenue": 4664,
    "totalCost": 3536,
    "profit": 1128
  },
  {
    "id": 676,
    "productId": 49,
    "productName": "Under Eye Cream 500ml",
    "category": "Skincare",
    "date": "2025-09-13",
    "unitsSold": 9,
    "costPrice": 350,
    "salePrice": 475,
    "totalRevenue": 4275,
    "totalCost": 3150,
    "profit": 1125
  },
  {
    "id": 677,
    "productId": 186,
    "productName": "Anti-Dandruff Shampoo 1L",
    "category": "Haircare",
    "date": "2025-08-06",
    "unitsSold": 1,
    "costPrice": 945,
    "salePrice": 1199,
    "totalRevenue": 1199,
    "totalCost": 945,
    "profit": 254
  },
  {
    "id": 678,
    "productId": 10,
    "productName": "Face Cleanser 1L",
    "category": "Skincare",
    "date": "2025-10-16",
    "unitsSold": 1,
    "costPrice": 720,
    "salePrice": 1036,
    "totalRevenue": 1036,
    "totalCost": 720,
    "profit": 316
  },
  {
    "id": 679,
    "productId": 5,
    "productName": "Brightening Day Cream 500ml",
    "category": "Skincare",
    "date": "2025-09-06",
    "unitsSold": 3,
    "costPrice": 711,
    "salePrice": 962,
    "totalRevenue": 2886,
    "totalCost": 2133,
    "profit": 753
  },
  {
    "id": 680,
    "productId": 188,
    "productName": "Nourishing Hair Cream 250ml",
    "category": "Haircare",
    "date": "2025-08-05",
    "unitsSold": 2,
    "costPrice": 406,
    "salePrice": 514,
    "totalRevenue": 1028,
    "totalCost": 812,
    "profit": 216
  },
  {
    "id": 681,
    "productId": 41,
    "productName": "Acne Control Gel 100ml",
    "category": "Skincare",
    "date": "2025-08-01",
    "unitsSold": 5,
    "costPrice": 374,
    "salePrice": 537,
    "totalRevenue": 2685,
    "totalCost": 1870,
    "profit": 815
  },
  {
    "id": 682,
    "productId": 51,
    "productName": "Oil-Free Moisturizer 30ml",
    "category": "Skincare",
    "date": "2025-10-02",
    "unitsSold": 1,
    "costPrice": 387,
    "salePrice": 506,
    "totalRevenue": 506,
    "totalCost": 387,
    "profit": 119
  },
  {
    "id": 683,
    "productId": 163,
    "productName": "Heat Protectant Spray 1L",
    "category": "Haircare",
    "date": "2025-10-14",
    "unitsSold": 6,
    "costPrice": 930,
    "salePrice": 1264,
    "totalRevenue": 7584,
    "totalCost": 5580,
    "profit": 2004
  },
  {
    "id": 684,
    "productId": 27,
    "productName": "Hydrating Face Serum 250ml",
    "category": "Skincare",
    "date": "2025-09-03",
    "unitsSold": 10,
    "costPrice": 491,
    "salePrice": 666,
    "totalRevenue": 6660,
    "totalCost": 4910,
    "profit": 1750
  },
  {
    "id": 685,
    "productId": 64,
    "productName": "Brightening Day Cream 100ml",
    "category": "Skincare",
    "date": "2025-09-20",
    "unitsSold": 6,
    "costPrice": 251,
    "salePrice": 339,
    "totalRevenue": 2034,
    "totalCost": 1506,
    "profit": 528
  },
  {
    "id": 686,
    "productId": 19,
    "productName": "Hydrating Face Serum 1L",
    "category": "Skincare",
    "date": "2025-10-23",
    "unitsSold": 7,
    "costPrice": 784,
    "salePrice": 980,
    "totalRevenue": 6860,
    "totalCost": 5488,
    "profit": 1372
  },
  {
    "id": 687,
    "productId": 146,
    "productName": "Kajal Pencil 50ml",
    "category": "Cosmetics",
    "date": "2025-09-24",
    "unitsSold": 10,
    "costPrice": 607,
    "salePrice": 906,
    "totalRevenue": 9060,
    "totalCost": 6070,
    "profit": 2990
  },
  {
    "id": 688,
    "productId": 26,
    "productName": "Under Eye Cream 1L",
    "category": "Skincare",
    "date": "2025-10-09",
    "unitsSold": 9,
    "costPrice": 178,
    "salePrice": 226,
    "totalRevenue": 2034,
    "totalCost": 1602,
    "profit": 432
  },
  {
    "id": 689,
    "productId": 29,
    "productName": "Clay Mask 500ml",
    "category": "Skincare",
    "date": "2025-09-01",
    "unitsSold": 5,
    "costPrice": 898,
    "salePrice": 1159,
    "totalRevenue": 5795,
    "totalCost": 4490,
    "profit": 1305
  },
  {
    "id": 690,
    "productId": 184,
    "productName": "Protein Hair Mask 250ml",
    "category": "Haircare",
    "date": "2025-09-19",
    "unitsSold": 10,
    "costPrice": 630,
    "salePrice": 876,
    "totalRevenue": 8760,
    "totalCost": 6300,
    "profit": 2460
  },
  {
    "id": 691,
    "productId": 73,
    "productName": "Gentle Toner 50ml",
    "category": "Skincare",
    "date": "2025-10-20",
    "unitsSold": 1,
    "costPrice": 394,
    "salePrice": 556,
    "totalRevenue": 556,
    "totalCost": 394,
    "profit": 162
  },
  {
    "id": 692,
    "productId": 163,
    "productName": "Heat Protectant Spray 1L",
    "category": "Haircare",
    "date": "2025-09-02",
    "unitsSold": 1,
    "costPrice": 930,
    "salePrice": 1264,
    "totalRevenue": 1264,
    "totalCost": 930,
    "profit": 334
  },
  {
    "id": 693,
    "productId": 46,
    "productName": "Peel Off Mask 1L",
    "category": "Skincare",
    "date": "2025-10-25",
    "unitsSold": 7,
    "costPrice": 438,
    "salePrice": 615,
    "totalRevenue": 4305,
    "totalCost": 3066,
    "profit": 1239
  },
  {
    "id": 694,
    "productId": 96,
    "productName": "Highlighter Palette 500ml",
    "category": "Cosmetics",
    "date": "2025-08-14",
    "unitsSold": 7,
    "costPrice": 407,
    "salePrice": 546,
    "totalRevenue": 3822,
    "totalCost": 2849,
    "profit": 973
  },
  {
    "id": 695,
    "productId": 50,
    "productName": "Face Oil 100ml",
    "category": "Skincare",
    "date": "2025-08-06",
    "unitsSold": 6,
    "costPrice": 470,
    "salePrice": 653,
    "totalRevenue": 3918,
    "totalCost": 2820,
    "profit": 1098
  },
  {
    "id": 696,
    "productId": 73,
    "productName": "Gentle Toner 50ml",
    "category": "Skincare",
    "date": "2025-09-08",
    "unitsSold": 1,
    "costPrice": 394,
    "salePrice": 556,
    "totalRevenue": 556,
    "totalCost": 394,
    "profit": 162
  },
  {
    "id": 697,
    "productId": 22,
    "productName": "Face Oil 50ml",
    "category": "Skincare",
    "date": "2025-09-09",
    "unitsSold": 8,
    "costPrice": 345,
    "salePrice": 449,
    "totalRevenue": 3592,
    "totalCost": 2760,
    "profit": 832
  },
  {
    "id": 698,
    "productId": 198,
    "productName": "Protein Hair Mask 100ml",
    "category": "Haircare",
    "date": "2025-10-08",
    "unitsSold": 9,
    "costPrice": 855,
    "salePrice": 1123,
    "totalRevenue": 10107,
    "totalCost": 7695,
    "profit": 2412
  },
  {
    "id": 699,
    "productId": 114,
    "productName": "BB Cream 1L",
    "category": "Cosmetics",
    "date": "2025-08-24",
    "unitsSold": 10,
    "costPrice": 365,
    "salePrice": 539,
    "totalRevenue": 5390,
    "totalCost": 3650,
    "profit": 1740
  },
  {
    "id": 700,
    "productId": 156,
    "productName": "Kajal Pencil 500ml",
    "category": "Cosmetics",
    "date": "2025-09-24",
    "unitsSold": 2,
    "costPrice": 420,
    "salePrice": 598,
    "totalRevenue": 1196,
    "totalCost": 840,
    "profit": 356
  },
  {
    "id": 701,
    "productId": 176,
    "productName": "Heat Protectant Spray 500ml",
    "category": "Haircare",
    "date": "2025-09-14",
    "unitsSold": 5,
    "costPrice": 480,
    "salePrice": 603,
    "totalRevenue": 3015,
    "totalCost": 2400,
    "profit": 615
  },
  {
    "id": 702,
    "productId": 84,
    "productName": "Gentle Toner 100ml",
    "category": "Skincare",
    "date": "2025-10-28",
    "unitsSold": 1,
    "costPrice": 247,
    "salePrice": 352,
    "totalRevenue": 352,
    "totalCost": 247,
    "profit": 105
  },
  {
    "id": 703,
    "productId": 167,
    "productName": "Nourishing Hair Cream 30ml",
    "category": "Haircare",
    "date": "2025-09-21",
    "unitsSold": 10,
    "costPrice": 242,
    "salePrice": 337,
    "totalRevenue": 3370,
    "totalCost": 2420,
    "profit": 950
  },
  {
    "id": 704,
    "productId": 131,
    "productName": "Setting Spray 200ml",
    "category": "Cosmetics",
    "date": "2025-10-20",
    "unitsSold": 4,
    "costPrice": 663,
    "salePrice": 868,
    "totalRevenue": 3472,
    "totalCost": 2652,
    "profit": 820
  },
  {
    "id": 705,
    "productId": 193,
    "productName": "Hair Styling Gel 1L",
    "category": "Haircare",
    "date": "2025-09-24",
    "unitsSold": 2,
    "costPrice": 219,
    "salePrice": 294,
    "totalRevenue": 588,
    "totalCost": 438,
    "profit": 150
  },
  {
    "id": 706,
    "productId": 183,
    "productName": "Curl Defining Cream 50ml",
    "category": "Haircare",
    "date": "2025-09-02",
    "unitsSold": 2,
    "costPrice": 470,
    "salePrice": 611,
    "totalRevenue": 1222,
    "totalCost": 940,
    "profit": 282
  },
  {
    "id": 707,
    "productId": 147,
    "productName": "Makeup Sponge 200ml",
    "category": "Cosmetics",
    "date": "2025-10-11",
    "unitsSold": 8,
    "costPrice": 505,
    "salePrice": 750,
    "totalRevenue": 6000,
    "totalCost": 4040,
    "profit": 1960
  },
  {
    "id": 708,
    "productId": 58,
    "productName": "Vitamin C Face Wash 50ml",
    "category": "Skincare",
    "date": "2025-09-02",
    "unitsSold": 4,
    "costPrice": 156,
    "salePrice": 216,
    "totalRevenue": 864,
    "totalCost": 624,
    "profit": 240
  },
  {
    "id": 709,
    "productId": 125,
    "productName": "Kajal Pencil 100ml",
    "category": "Cosmetics",
    "date": "2025-08-24",
    "unitsSold": 7,
    "costPrice": 114,
    "salePrice": 155,
    "totalRevenue": 1085,
    "totalCost": 798,
    "profit": 287
  },
  {
    "id": 710,
    "productId": 54,
    "productName": "Aloe Vera Moisturizer 1L",
    "category": "Skincare",
    "date": "2025-08-16",
    "unitsSold": 1,
    "costPrice": 403,
    "salePrice": 544,
    "totalRevenue": 544,
    "totalCost": 403,
    "profit": 141
  },
  {
    "id": 711,
    "productId": 66,
    "productName": "Rose Water Toner 100ml",
    "category": "Skincare",
    "date": "2025-09-28",
    "unitsSold": 5,
    "costPrice": 725,
    "salePrice": 918,
    "totalRevenue": 4590,
    "totalCost": 3625,
    "profit": 965
  },
  {
    "id": 712,
    "productId": 200,
    "productName": "Hair Styling Gel 30ml",
    "category": "Haircare",
    "date": "2025-08-02",
    "unitsSold": 9,
    "costPrice": 325,
    "salePrice": 434,
    "totalRevenue": 3906,
    "totalCost": 2925,
    "profit": 981
  },
  {
    "id": 713,
    "productId": 38,
    "productName": "Acne Control Gel 500ml",
    "category": "Skincare",
    "date": "2025-09-09",
    "unitsSold": 1,
    "costPrice": 216,
    "salePrice": 312,
    "totalRevenue": 312,
    "totalCost": 216,
    "profit": 96
  },
  {
    "id": 714,
    "productId": 34,
    "productName": "Anti-Aging Night Cream 100ml",
    "category": "Skincare",
    "date": "2025-10-26",
    "unitsSold": 2,
    "costPrice": 508,
    "salePrice": 678,
    "totalRevenue": 1356,
    "totalCost": 1016,
    "profit": 340
  },
  {
    "id": 715,
    "productId": 162,
    "productName": "Scalp Tonic 100ml",
    "category": "Haircare",
    "date": "2025-08-01",
    "unitsSold": 1,
    "costPrice": 530,
    "salePrice": 675,
    "totalRevenue": 675,
    "totalCost": 530,
    "profit": 145
  },
  {
    "id": 716,
    "productId": 116,
    "productName": "Eyeshadow Palette 1L",
    "category": "Cosmetics",
    "date": "2025-10-20",
    "unitsSold": 1,
    "costPrice": 566,
    "salePrice": 807,
    "totalRevenue": 807,
    "totalCost": 566,
    "profit": 241
  },
  {
    "id": 717,
    "productId": 13,
    "productName": "Under Eye Cream 1L",
    "category": "Skincare",
    "date": "2025-10-04",
    "unitsSold": 5,
    "costPrice": 286,
    "salePrice": 405,
    "totalRevenue": 2025,
    "totalCost": 1430,
    "profit": 595
  },
  {
    "id": 718,
    "productId": 15,
    "productName": "Face Cleanser 30ml",
    "category": "Skincare",
    "date": "2025-10-08",
    "unitsSold": 8,
    "costPrice": 687,
    "salePrice": 959,
    "totalRevenue": 7672,
    "totalCost": 5496,
    "profit": 2176
  },
  {
    "id": 719,
    "productId": 70,
    "productName": "Face Oil 200ml",
    "category": "Skincare",
    "date": "2025-10-10",
    "unitsSold": 7,
    "costPrice": 261,
    "salePrice": 357,
    "totalRevenue": 2499,
    "totalCost": 1827,
    "profit": 672
  },
  {
    "id": 720,
    "productId": 196,
    "productName": "Repair Oil Blend 200ml",
    "category": "Haircare",
    "date": "2025-10-23",
    "unitsSold": 7,
    "costPrice": 908,
    "salePrice": 1194,
    "totalRevenue": 8358,
    "totalCost": 6356,
    "profit": 2002
  },
  {
    "id": 721,
    "productId": 122,
    "productName": "Makeup Remover 200ml",
    "category": "Cosmetics",
    "date": "2025-08-28",
    "unitsSold": 8,
    "costPrice": 616,
    "salePrice": 866,
    "totalRevenue": 6928,
    "totalCost": 4928,
    "profit": 2000
  },
  {
    "id": 722,
    "productId": 110,
    "productName": "Volumizing Mascara 30ml",
    "category": "Cosmetics",
    "date": "2025-08-21",
    "unitsSold": 6,
    "costPrice": 454,
    "salePrice": 666,
    "totalRevenue": 3996,
    "totalCost": 2724,
    "profit": 1272
  },
  {
    "id": 723,
    "productId": 123,
    "productName": "Blush Powder 1L",
    "category": "Cosmetics",
    "date": "2025-08-22",
    "unitsSold": 1,
    "costPrice": 604,
    "salePrice": 887,
    "totalRevenue": 887,
    "totalCost": 604,
    "profit": 283
  },
  {
    "id": 724,
    "productId": 174,
    "productName": "Hair Serum 250ml",
    "category": "Haircare",
    "date": "2025-09-24",
    "unitsSold": 6,
    "costPrice": 677,
    "salePrice": 892,
    "totalRevenue": 5352,
    "totalCost": 4062,
    "profit": 1290
  },
  {
    "id": 725,
    "productId": 75,
    "productName": "Hyaluronic Acid Serum 1L",
    "category": "Skincare",
    "date": "2025-10-24",
    "unitsSold": 10,
    "costPrice": 887,
    "salePrice": 1151,
    "totalRevenue": 11510,
    "totalCost": 8870,
    "profit": 2640
  },
  {
    "id": 726,
    "productId": 187,
    "productName": "Hair Detangler Spray 500ml",
    "category": "Haircare",
    "date": "2025-09-26",
    "unitsSold": 10,
    "costPrice": 583,
    "salePrice": 758,
    "totalRevenue": 7580,
    "totalCost": 5830,
    "profit": 1750
  },
  {
    "id": 727,
    "productId": 153,
    "productName": "Brow Pencil 50ml",
    "category": "Cosmetics",
    "date": "2025-09-24",
    "unitsSold": 3,
    "costPrice": 271,
    "salePrice": 353,
    "totalRevenue": 1059,
    "totalCost": 813,
    "profit": 246
  },
  {
    "id": 728,
    "productId": 181,
    "productName": "Hair Growth Serum 30ml",
    "category": "Haircare",
    "date": "2025-08-03",
    "unitsSold": 7,
    "costPrice": 498,
    "salePrice": 673,
    "totalRevenue": 4711,
    "totalCost": 3486,
    "profit": 1225
  },
  {
    "id": 729,
    "productId": 158,
    "productName": "Concealer Stick 250ml",
    "category": "Cosmetics",
    "date": "2025-08-25",
    "unitsSold": 5,
    "costPrice": 679,
    "salePrice": 938,
    "totalRevenue": 4690,
    "totalCost": 3395,
    "profit": 1295
  },
  {
    "id": 730,
    "productId": 70,
    "productName": "Face Oil 200ml",
    "category": "Skincare",
    "date": "2025-09-14",
    "unitsSold": 6,
    "costPrice": 261,
    "salePrice": 357,
    "totalRevenue": 2142,
    "totalCost": 1566,
    "profit": 576
  },
  {
    "id": 731,
    "productId": 186,
    "productName": "Anti-Dandruff Shampoo 1L",
    "category": "Haircare",
    "date": "2025-09-05",
    "unitsSold": 4,
    "costPrice": 945,
    "salePrice": 1199,
    "totalRevenue": 4796,
    "totalCost": 3780,
    "profit": 1016
  },
  {
    "id": 732,
    "productId": 142,
    "productName": "Kajal Pencil 50ml",
    "category": "Cosmetics",
    "date": "2025-10-19",
    "unitsSold": 10,
    "costPrice": 592,
    "salePrice": 856,
    "totalRevenue": 8560,
    "totalCost": 5920,
    "profit": 2640
  },
  {
    "id": 733,
    "productId": 21,
    "productName": "Hyaluronic Acid Serum 250ml",
    "category": "Skincare",
    "date": "2025-08-20",
    "unitsSold": 6,
    "costPrice": 171,
    "salePrice": 232,
    "totalRevenue": 1392,
    "totalCost": 1026,
    "profit": 366
  },
  {
    "id": 734,
    "productId": 52,
    "productName": "Under Eye Cream 200ml",
    "category": "Skincare",
    "date": "2025-08-21",
    "unitsSold": 2,
    "costPrice": 497,
    "salePrice": 669,
    "totalRevenue": 1338,
    "totalCost": 994,
    "profit": 344
  },
  {
    "id": 735,
    "productId": 65,
    "productName": "Rose Water Toner 200ml",
    "category": "Skincare",
    "date": "2025-08-31",
    "unitsSold": 1,
    "costPrice": 886,
    "salePrice": 1191,
    "totalRevenue": 1191,
    "totalCost": 886,
    "profit": 305
  },
  {
    "id": 736,
    "productId": 198,
    "productName": "Protein Hair Mask 100ml",
    "category": "Haircare",
    "date": "2025-10-13",
    "unitsSold": 7,
    "costPrice": 855,
    "salePrice": 1123,
    "totalRevenue": 7861,
    "totalCost": 5985,
    "profit": 1876
  },
  {
    "id": 737,
    "productId": 158,
    "productName": "Concealer Stick 250ml",
    "category": "Cosmetics",
    "date": "2025-09-12",
    "unitsSold": 1,
    "costPrice": 679,
    "salePrice": 938,
    "totalRevenue": 938,
    "totalCost": 679,
    "profit": 259
  },
  {
    "id": 738,
    "productId": 62,
    "productName": "Gentle Toner 1L",
    "category": "Skincare",
    "date": "2025-08-06",
    "unitsSold": 7,
    "costPrice": 624,
    "salePrice": 878,
    "totalRevenue": 6146,
    "totalCost": 4368,
    "profit": 1778
  },
  {
    "id": 739,
    "productId": 165,
    "productName": "Argan Hair Oil 1L",
    "category": "Haircare",
    "date": "2025-10-13",
    "unitsSold": 9,
    "costPrice": 145,
    "salePrice": 197,
    "totalRevenue": 1773,
    "totalCost": 1305,
    "profit": 468
  },
  {
    "id": 740,
    "productId": 192,
    "productName": "Hair Growth Serum 500ml",
    "category": "Haircare",
    "date": "2025-10-03",
    "unitsSold": 3,
    "costPrice": 406,
    "salePrice": 512,
    "totalRevenue": 1536,
    "totalCost": 1218,
    "profit": 318
  },
  {
    "id": 741,
    "productId": 79,
    "productName": "Brightening Day Cream 1L",
    "category": "Skincare",
    "date": "2025-10-23",
    "unitsSold": 9,
    "costPrice": 531,
    "salePrice": 732,
    "totalRevenue": 6588,
    "totalCost": 4779,
    "profit": 1809
  },
  {
    "id": 742,
    "productId": 89,
    "productName": "Vitamin C Face Wash 1L",
    "category": "Skincare",
    "date": "2025-09-18",
    "unitsSold": 10,
    "costPrice": 706,
    "salePrice": 960,
    "totalRevenue": 9600,
    "totalCost": 7060,
    "profit": 2540
  },
  {
    "id": 743,
    "productId": 43,
    "productName": "Brightening Day Cream 1L",
    "category": "Skincare",
    "date": "2025-09-23",
    "unitsSold": 2,
    "costPrice": 365,
    "salePrice": 486,
    "totalRevenue": 972,
    "totalCost": 730,
    "profit": 242
  },
  {
    "id": 744,
    "productId": 188,
    "productName": "Nourishing Hair Cream 250ml",
    "category": "Haircare",
    "date": "2025-08-01",
    "unitsSold": 3,
    "costPrice": 406,
    "salePrice": 514,
    "totalRevenue": 1542,
    "totalCost": 1218,
    "profit": 324
  },
  {
    "id": 745,
    "productId": 105,
    "productName": "Lip Gloss 50ml",
    "category": "Cosmetics",
    "date": "2025-10-17",
    "unitsSold": 10,
    "costPrice": 331,
    "salePrice": 472,
    "totalRevenue": 4720,
    "totalCost": 3310,
    "profit": 1410
  },
  {
    "id": 746,
    "productId": 62,
    "productName": "Gentle Toner 1L",
    "category": "Skincare",
    "date": "2025-08-08",
    "unitsSold": 3,
    "costPrice": 624,
    "salePrice": 878,
    "totalRevenue": 2634,
    "totalCost": 1872,
    "profit": 762
  },
  {
    "id": 747,
    "productId": 23,
    "productName": "Exfoliating Scrub 250ml",
    "category": "Skincare",
    "date": "2025-09-20",
    "unitsSold": 7,
    "costPrice": 365,
    "salePrice": 504,
    "totalRevenue": 3528,
    "totalCost": 2555,
    "profit": 973
  },
  {
    "id": 748,
    "productId": 38,
    "productName": "Acne Control Gel 500ml",
    "category": "Skincare",
    "date": "2025-08-26",
    "unitsSold": 1,
    "costPrice": 216,
    "salePrice": 312,
    "totalRevenue": 312,
    "totalCost": 216,
    "profit": 96
  },
  {
    "id": 749,
    "productId": 177,
    "productName": "Volumizing Shampoo 50ml",
    "category": "Haircare",
    "date": "2025-10-19",
    "unitsSold": 3,
    "costPrice": 773,
    "salePrice": 982,
    "totalRevenue": 2946,
    "totalCost": 2319,
    "profit": 627
  },
  {
    "id": 750,
    "productId": 113,
    "productName": "Eyeshadow Palette 250ml",
    "category": "Cosmetics",
    "date": "2025-09-11",
    "unitsSold": 1,
    "costPrice": 299,
    "salePrice": 405,
    "totalRevenue": 405,
    "totalCost": 299,
    "profit": 106
  },
  {
    "id": 751,
    "productId": 188,
    "productName": "Nourishing Hair Cream 250ml",
    "category": "Haircare",
    "date": "2025-09-18",
    "unitsSold": 1,
    "costPrice": 406,
    "salePrice": 514,
    "totalRevenue": 514,
    "totalCost": 406,
    "profit": 108
  },
  {
    "id": 752,
    "productId": 41,
    "productName": "Acne Control Gel 100ml",
    "category": "Skincare",
    "date": "2025-10-05",
    "unitsSold": 10,
    "costPrice": 374,
    "salePrice": 537,
    "totalRevenue": 5370,
    "totalCost": 3740,
    "profit": 1630
  },
  {
    "id": 753,
    "productId": 158,
    "productName": "Concealer Stick 250ml",
    "category": "Cosmetics",
    "date": "2025-09-05",
    "unitsSold": 6,
    "costPrice": 679,
    "salePrice": 938,
    "totalRevenue": 5628,
    "totalCost": 4074,
    "profit": 1554
  },
  {
    "id": 754,
    "productId": 110,
    "productName": "Volumizing Mascara 30ml",
    "category": "Cosmetics",
    "date": "2025-09-19",
    "unitsSold": 7,
    "costPrice": 454,
    "salePrice": 666,
    "totalRevenue": 4662,
    "totalCost": 3178,
    "profit": 1484
  },
  {
    "id": 755,
    "productId": 71,
    "productName": "Exfoliating Scrub 30ml",
    "category": "Skincare",
    "date": "2025-10-27",
    "unitsSold": 9,
    "costPrice": 220,
    "salePrice": 290,
    "totalRevenue": 2610,
    "totalCost": 1980,
    "profit": 630
  },
  {
    "id": 756,
    "productId": 119,
    "productName": "Makeup Sponge 1L",
    "category": "Cosmetics",
    "date": "2025-10-16",
    "unitsSold": 3,
    "costPrice": 301,
    "salePrice": 427,
    "totalRevenue": 1281,
    "totalCost": 903,
    "profit": 378
  },
  {
    "id": 757,
    "productId": 162,
    "productName": "Scalp Tonic 100ml",
    "category": "Haircare",
    "date": "2025-08-19",
    "unitsSold": 7,
    "costPrice": 530,
    "salePrice": 675,
    "totalRevenue": 4725,
    "totalCost": 3710,
    "profit": 1015
  },
  {
    "id": 758,
    "productId": 97,
    "productName": "Blush Powder 1L",
    "category": "Cosmetics",
    "date": "2025-09-18",
    "unitsSold": 10,
    "costPrice": 583,
    "salePrice": 867,
    "totalRevenue": 8670,
    "totalCost": 5830,
    "profit": 2840
  },
  {
    "id": 759,
    "productId": 48,
    "productName": "Exfoliating Scrub 200ml",
    "category": "Skincare",
    "date": "2025-10-11",
    "unitsSold": 7,
    "costPrice": 680,
    "salePrice": 923,
    "totalRevenue": 6461,
    "totalCost": 4760,
    "profit": 1701
  },
  {
    "id": 760,
    "productId": 127,
    "productName": "Foundation Liquid 50ml",
    "category": "Cosmetics",
    "date": "2025-08-11",
    "unitsSold": 6,
    "costPrice": 288,
    "salePrice": 375,
    "totalRevenue": 2250,
    "totalCost": 1728,
    "profit": 522
  },
  {
    "id": 761,
    "productId": 75,
    "productName": "Hyaluronic Acid Serum 1L",
    "category": "Skincare",
    "date": "2025-10-31",
    "unitsSold": 9,
    "costPrice": 887,
    "salePrice": 1151,
    "totalRevenue": 10359,
    "totalCost": 7983,
    "profit": 2376
  },
  {
    "id": 762,
    "productId": 105,
    "productName": "Lip Gloss 50ml",
    "category": "Cosmetics",
    "date": "2025-09-20",
    "unitsSold": 3,
    "costPrice": 331,
    "salePrice": 472,
    "totalRevenue": 1416,
    "totalCost": 993,
    "profit": 423
  },
  {
    "id": 763,
    "productId": 91,
    "productName": "BB Cream 500ml",
    "category": "Cosmetics",
    "date": "2025-08-16",
    "unitsSold": 9,
    "costPrice": 281,
    "salePrice": 383,
    "totalRevenue": 3447,
    "totalCost": 2529,
    "profit": 918
  },
  {
    "id": 764,
    "productId": 82,
    "productName": "Nourishing Face Cream 1L",
    "category": "Skincare",
    "date": "2025-09-22",
    "unitsSold": 3,
    "costPrice": 715,
    "salePrice": 966,
    "totalRevenue": 2898,
    "totalCost": 2145,
    "profit": 753
  },
  {
    "id": 765,
    "productId": 87,
    "productName": "Acne Control Gel 1L",
    "category": "Skincare",
    "date": "2025-09-16",
    "unitsSold": 7,
    "costPrice": 675,
    "salePrice": 938,
    "totalRevenue": 6566,
    "totalCost": 4725,
    "profit": 1841
  },
  {
    "id": 766,
    "productId": 77,
    "productName": "Exfoliating Scrub 30ml",
    "category": "Skincare",
    "date": "2025-08-24",
    "unitsSold": 9,
    "costPrice": 547,
    "salePrice": 701,
    "totalRevenue": 6309,
    "totalCost": 4923,
    "profit": 1386
  },
  {
    "id": 767,
    "productId": 130,
    "productName": "Highlighter Palette 250ml",
    "category": "Cosmetics",
    "date": "2025-09-25",
    "unitsSold": 10,
    "costPrice": 329,
    "salePrice": 483,
    "totalRevenue": 4830,
    "totalCost": 3290,
    "profit": 1540
  },
  {
    "id": 768,
    "productId": 155,
    "productName": "Contour Stick 100ml",
    "category": "Cosmetics",
    "date": "2025-10-04",
    "unitsSold": 8,
    "costPrice": 453,
    "salePrice": 666,
    "totalRevenue": 5328,
    "totalCost": 3624,
    "profit": 1704
  },
  {
    "id": 769,
    "productId": 14,
    "productName": "Oil-Free Moisturizer 30ml",
    "category": "Skincare",
    "date": "2025-09-20",
    "unitsSold": 9,
    "costPrice": 723,
    "salePrice": 1005,
    "totalRevenue": 9045,
    "totalCost": 6507,
    "profit": 2538
  },
  {
    "id": 770,
    "productId": 108,
    "productName": "Brow Pencil 30ml",
    "category": "Cosmetics",
    "date": "2025-09-29",
    "unitsSold": 7,
    "costPrice": 507,
    "salePrice": 738,
    "totalRevenue": 5166,
    "totalCost": 3549,
    "profit": 1617
  },
  {
    "id": 771,
    "productId": 199,
    "productName": "Hair Styling Gel 200ml",
    "category": "Haircare",
    "date": "2025-10-17",
    "unitsSold": 6,
    "costPrice": 553,
    "salePrice": 719,
    "totalRevenue": 4314,
    "totalCost": 3318,
    "profit": 996
  },
  {
    "id": 772,
    "productId": 86,
    "productName": "Sunscreen SPF 50 1L",
    "category": "Skincare",
    "date": "2025-10-10",
    "unitsSold": 2,
    "costPrice": 357,
    "salePrice": 464,
    "totalRevenue": 928,
    "totalCost": 714,
    "profit": 214
  },
  {
    "id": 773,
    "productId": 190,
    "productName": "Nourishing Hair Cream 100ml",
    "category": "Haircare",
    "date": "2025-08-08",
    "unitsSold": 9,
    "costPrice": 773,
    "salePrice": 1073,
    "totalRevenue": 9657,
    "totalCost": 6957,
    "profit": 2700
  },
  {
    "id": 774,
    "productId": 103,
    "productName": "BB Cream 200ml",
    "category": "Cosmetics",
    "date": "2025-10-29",
    "unitsSold": 7,
    "costPrice": 626,
    "salePrice": 829,
    "totalRevenue": 5803,
    "totalCost": 4382,
    "profit": 1421
  },
  {
    "id": 775,
    "productId": 106,
    "productName": "Compact Powder 200ml",
    "category": "Cosmetics",
    "date": "2025-08-03",
    "unitsSold": 9,
    "costPrice": 668,
    "salePrice": 949,
    "totalRevenue": 8541,
    "totalCost": 6012,
    "profit": 2529
  },
  {
    "id": 776,
    "productId": 71,
    "productName": "Exfoliating Scrub 30ml",
    "category": "Skincare",
    "date": "2025-10-05",
    "unitsSold": 2,
    "costPrice": 220,
    "salePrice": 290,
    "totalRevenue": 580,
    "totalCost": 440,
    "profit": 140
  },
  {
    "id": 777,
    "productId": 123,
    "productName": "Blush Powder 1L",
    "category": "Cosmetics",
    "date": "2025-09-25",
    "unitsSold": 7,
    "costPrice": 604,
    "salePrice": 887,
    "totalRevenue": 6209,
    "totalCost": 4228,
    "profit": 1981
  },
  {
    "id": 778,
    "productId": 169,
    "productName": "Hair Detangler Spray 250ml",
    "category": "Haircare",
    "date": "2025-10-03",
    "unitsSold": 8,
    "costPrice": 879,
    "salePrice": 1183,
    "totalRevenue": 9464,
    "totalCost": 7032,
    "profit": 2432
  },
  {
    "id": 779,
    "productId": 142,
    "productName": "Kajal Pencil 50ml",
    "category": "Cosmetics",
    "date": "2025-10-25",
    "unitsSold": 10,
    "costPrice": 592,
    "salePrice": 856,
    "totalRevenue": 8560,
    "totalCost": 5920,
    "profit": 2640
  },
  {
    "id": 780,
    "productId": 182,
    "productName": "Color Protect Conditioner 200ml",
    "category": "Haircare",
    "date": "2025-10-26",
    "unitsSold": 2,
    "costPrice": 651,
    "salePrice": 899,
    "totalRevenue": 1798,
    "totalCost": 1302,
    "profit": 496
  },
  {
    "id": 781,
    "productId": 112,
    "productName": "Primer Cream 50ml",
    "category": "Cosmetics",
    "date": "2025-10-03",
    "unitsSold": 6,
    "costPrice": 614,
    "salePrice": 873,
    "totalRevenue": 5238,
    "totalCost": 3684,
    "profit": 1554
  },
  {
    "id": 782,
    "productId": 81,
    "productName": "Gentle Toner 1L",
    "category": "Skincare",
    "date": "2025-10-27",
    "unitsSold": 2,
    "costPrice": 805,
    "salePrice": 1085,
    "totalRevenue": 2170,
    "totalCost": 1610,
    "profit": 560
  },
  {
    "id": 783,
    "productId": 93,
    "productName": "Tinted Lip Balm 30ml",
    "category": "Cosmetics",
    "date": "2025-10-05",
    "unitsSold": 7,
    "costPrice": 514,
    "salePrice": 688,
    "totalRevenue": 4816,
    "totalCost": 3598,
    "profit": 1218
  },
  {
    "id": 784,
    "productId": 142,
    "productName": "Kajal Pencil 50ml",
    "category": "Cosmetics",
    "date": "2025-08-31",
    "unitsSold": 1,
    "costPrice": 592,
    "salePrice": 856,
    "totalRevenue": 856,
    "totalCost": 592,
    "profit": 264
  },
  {
    "id": 785,
    "productId": 3,
    "productName": "Under Eye Cream 100ml",
    "category": "Skincare",
    "date": "2025-09-28",
    "unitsSold": 4,
    "costPrice": 877,
    "salePrice": 1146,
    "totalRevenue": 4584,
    "totalCost": 3508,
    "profit": 1076
  },
  {
    "id": 786,
    "productId": 96,
    "productName": "Highlighter Palette 500ml",
    "category": "Cosmetics",
    "date": "2025-08-18",
    "unitsSold": 2,
    "costPrice": 407,
    "salePrice": 546,
    "totalRevenue": 1092,
    "totalCost": 814,
    "profit": 278
  },
  {
    "id": 787,
    "productId": 130,
    "productName": "Highlighter Palette 250ml",
    "category": "Cosmetics",
    "date": "2025-08-17",
    "unitsSold": 7,
    "costPrice": 329,
    "salePrice": 483,
    "totalRevenue": 3381,
    "totalCost": 2303,
    "profit": 1078
  },
  {
    "id": 788,
    "productId": 59,
    "productName": "Clay Mask 100ml",
    "category": "Skincare",
    "date": "2025-08-21",
    "unitsSold": 8,
    "costPrice": 755,
    "salePrice": 955,
    "totalRevenue": 7640,
    "totalCost": 6040,
    "profit": 1600
  },
  {
    "id": 789,
    "productId": 196,
    "productName": "Repair Oil Blend 200ml",
    "category": "Haircare",
    "date": "2025-08-06",
    "unitsSold": 7,
    "costPrice": 908,
    "salePrice": 1194,
    "totalRevenue": 8358,
    "totalCost": 6356,
    "profit": 2002
  },
  {
    "id": 790,
    "productId": 115,
    "productName": "Setting Spray 1L",
    "category": "Cosmetics",
    "date": "2025-09-05",
    "unitsSold": 10,
    "costPrice": 411,
    "salePrice": 595,
    "totalRevenue": 5950,
    "totalCost": 4110,
    "profit": 1840
  },
  {
    "id": 791,
    "productId": 41,
    "productName": "Acne Control Gel 100ml",
    "category": "Skincare",
    "date": "2025-10-15",
    "unitsSold": 10,
    "costPrice": 374,
    "salePrice": 537,
    "totalRevenue": 5370,
    "totalCost": 3740,
    "profit": 1630
  },
  {
    "id": 792,
    "productId": 2,
    "productName": "Charcoal Face Mask 200ml",
    "category": "Skincare",
    "date": "2025-10-08",
    "unitsSold": 6,
    "costPrice": 307,
    "salePrice": 440,
    "totalRevenue": 2640,
    "totalCost": 1842,
    "profit": 798
  },
  {
    "id": 793,
    "productId": 19,
    "productName": "Hydrating Face Serum 1L",
    "category": "Skincare",
    "date": "2025-09-03",
    "unitsSold": 6,
    "costPrice": 784,
    "salePrice": 980,
    "totalRevenue": 5880,
    "totalCost": 4704,
    "profit": 1176
  },
  {
    "id": 794,
    "productId": 64,
    "productName": "Brightening Day Cream 100ml",
    "category": "Skincare",
    "date": "2025-08-28",
    "unitsSold": 7,
    "costPrice": 251,
    "salePrice": 339,
    "totalRevenue": 2373,
    "totalCost": 1757,
    "profit": 616
  },
  {
    "id": 795,
    "productId": 103,
    "productName": "BB Cream 200ml",
    "category": "Cosmetics",
    "date": "2025-10-24",
    "unitsSold": 7,
    "costPrice": 626,
    "salePrice": 829,
    "totalRevenue": 5803,
    "totalCost": 4382,
    "profit": 1421
  },
  {
    "id": 796,
    "productId": 175,
    "productName": "Hair Serum 1L",
    "category": "Haircare",
    "date": "2025-10-16",
    "unitsSold": 7,
    "costPrice": 359,
    "salePrice": 488,
    "totalRevenue": 3416,
    "totalCost": 2513,
    "profit": 903
  },
  {
    "id": 797,
    "productId": 48,
    "productName": "Exfoliating Scrub 200ml",
    "category": "Skincare",
    "date": "2025-10-11",
    "unitsSold": 8,
    "costPrice": 680,
    "salePrice": 923,
    "totalRevenue": 7384,
    "totalCost": 5440,
    "profit": 1944
  },
  {
    "id": 798,
    "productId": 157,
    "productName": "Lip Gloss 50ml",
    "category": "Cosmetics",
    "date": "2025-10-04",
    "unitsSold": 5,
    "costPrice": 410,
    "salePrice": 585,
    "totalRevenue": 2925,
    "totalCost": 2050,
    "profit": 875
  },
  {
    "id": 799,
    "productId": 31,
    "productName": "Nourishing Face Cream 200ml",
    "category": "Skincare",
    "date": "2025-08-03",
    "unitsSold": 4,
    "costPrice": 732,
    "salePrice": 1031,
    "totalRevenue": 4124,
    "totalCost": 2928,
    "profit": 1196
  },
  {
    "id": 800,
    "productId": 82,
    "productName": "Nourishing Face Cream 1L",
    "category": "Skincare",
    "date": "2025-10-27",
    "unitsSold": 2,
    "costPrice": 715,
    "salePrice": 966,
    "totalRevenue": 1932,
    "totalCost": 1430,
    "profit": 502
  },
  {
    "id": 801,
    "productId": 158,
    "productName": "Concealer Stick 250ml",
    "category": "Cosmetics",
    "date": "2025-08-19",
    "unitsSold": 2,
    "costPrice": 679,
    "salePrice": 938,
    "totalRevenue": 1876,
    "totalCost": 1358,
    "profit": 518
  },
  {
    "id": 802,
    "productId": 79,
    "productName": "Brightening Day Cream 1L",
    "category": "Skincare",
    "date": "2025-10-06",
    "unitsSold": 4,
    "costPrice": 531,
    "salePrice": 732,
    "totalRevenue": 2928,
    "totalCost": 2124,
    "profit": 804
  },
  {
    "id": 803,
    "productId": 115,
    "productName": "Setting Spray 1L",
    "category": "Cosmetics",
    "date": "2025-09-29",
    "unitsSold": 2,
    "costPrice": 411,
    "salePrice": 595,
    "totalRevenue": 1190,
    "totalCost": 822,
    "profit": 368
  },
  {
    "id": 804,
    "productId": 53,
    "productName": "Nourishing Face Cream 100ml",
    "category": "Skincare",
    "date": "2025-08-01",
    "unitsSold": 8,
    "costPrice": 450,
    "salePrice": 583,
    "totalRevenue": 4664,
    "totalCost": 3600,
    "profit": 1064
  },
  {
    "id": 805,
    "productId": 26,
    "productName": "Under Eye Cream 1L",
    "category": "Skincare",
    "date": "2025-08-06",
    "unitsSold": 2,
    "costPrice": 178,
    "salePrice": 226,
    "totalRevenue": 452,
    "totalCost": 356,
    "profit": 96
  },
  {
    "id": 806,
    "productId": 146,
    "productName": "Kajal Pencil 50ml",
    "category": "Cosmetics",
    "date": "2025-10-02",
    "unitsSold": 2,
    "costPrice": 607,
    "salePrice": 906,
    "totalRevenue": 1812,
    "totalCost": 1214,
    "profit": 598
  },
  {
    "id": 807,
    "productId": 3,
    "productName": "Under Eye Cream 100ml",
    "category": "Skincare",
    "date": "2025-10-06",
    "unitsSold": 1,
    "costPrice": 877,
    "salePrice": 1146,
    "totalRevenue": 1146,
    "totalCost": 877,
    "profit": 269
  },
  {
    "id": 808,
    "productId": 165,
    "productName": "Argan Hair Oil 1L",
    "category": "Haircare",
    "date": "2025-09-10",
    "unitsSold": 3,
    "costPrice": 145,
    "salePrice": 197,
    "totalRevenue": 591,
    "totalCost": 435,
    "profit": 156
  },
  {
    "id": 809,
    "productId": 30,
    "productName": "Anti-Aging Night Cream 500ml",
    "category": "Skincare",
    "date": "2025-09-19",
    "unitsSold": 5,
    "costPrice": 899,
    "salePrice": 1205,
    "totalRevenue": 6025,
    "totalCost": 4495,
    "profit": 1530
  },
  {
    "id": 810,
    "productId": 170,
    "productName": "Color Protect Conditioner 50ml",
    "category": "Haircare",
    "date": "2025-09-23",
    "unitsSold": 8,
    "costPrice": 260,
    "salePrice": 354,
    "totalRevenue": 2832,
    "totalCost": 2080,
    "profit": 752
  },
  {
    "id": 811,
    "productId": 142,
    "productName": "Kajal Pencil 50ml",
    "category": "Cosmetics",
    "date": "2025-09-18",
    "unitsSold": 5,
    "costPrice": 592,
    "salePrice": 856,
    "totalRevenue": 4280,
    "totalCost": 2960,
    "profit": 1320
  },
  {
    "id": 812,
    "productId": 117,
    "productName": "Compact Powder 30ml",
    "category": "Cosmetics",
    "date": "2025-10-29",
    "unitsSold": 1,
    "costPrice": 457,
    "salePrice": 665,
    "totalRevenue": 665,
    "totalCost": 457,
    "profit": 208
  },
  {
    "id": 813,
    "productId": 19,
    "productName": "Hydrating Face Serum 1L",
    "category": "Skincare",
    "date": "2025-08-03",
    "unitsSold": 1,
    "costPrice": 784,
    "salePrice": 980,
    "totalRevenue": 980,
    "totalCost": 784,
    "profit": 196
  },
  {
    "id": 814,
    "productId": 99,
    "productName": "Lip Gloss 1L",
    "category": "Cosmetics",
    "date": "2025-10-27",
    "unitsSold": 9,
    "costPrice": 193,
    "salePrice": 258,
    "totalRevenue": 2322,
    "totalCost": 1737,
    "profit": 585
  },
  {
    "id": 815,
    "productId": 47,
    "productName": "Brightening Day Cream 50ml",
    "category": "Skincare",
    "date": "2025-08-21",
    "unitsSold": 5,
    "costPrice": 746,
    "salePrice": 993,
    "totalRevenue": 4965,
    "totalCost": 3730,
    "profit": 1235
  },
  {
    "id": 816,
    "productId": 165,
    "productName": "Argan Hair Oil 1L",
    "category": "Haircare",
    "date": "2025-09-03",
    "unitsSold": 3,
    "costPrice": 145,
    "salePrice": 197,
    "totalRevenue": 591,
    "totalCost": 435,
    "profit": 156
  },
  {
    "id": 817,
    "productId": 114,
    "productName": "BB Cream 1L",
    "category": "Cosmetics",
    "date": "2025-10-03",
    "unitsSold": 2,
    "costPrice": 365,
    "salePrice": 539,
    "totalRevenue": 1078,
    "totalCost": 730,
    "profit": 348
  },
  {
    "id": 818,
    "productId": 30,
    "productName": "Anti-Aging Night Cream 500ml",
    "category": "Skincare",
    "date": "2025-10-29",
    "unitsSold": 9,
    "costPrice": 899,
    "salePrice": 1205,
    "totalRevenue": 10845,
    "totalCost": 8091,
    "profit": 2754
  },
  {
    "id": 819,
    "productId": 129,
    "productName": "Liquid Eyeliner 50ml",
    "category": "Cosmetics",
    "date": "2025-08-01",
    "unitsSold": 6,
    "costPrice": 423,
    "salePrice": 596,
    "totalRevenue": 3576,
    "totalCost": 2538,
    "profit": 1038
  },
  {
    "id": 820,
    "productId": 19,
    "productName": "Hydrating Face Serum 1L",
    "category": "Skincare",
    "date": "2025-08-13",
    "unitsSold": 2,
    "costPrice": 784,
    "salePrice": 980,
    "totalRevenue": 1960,
    "totalCost": 1568,
    "profit": 392
  },
  {
    "id": 821,
    "productId": 60,
    "productName": "Brightening Day Cream 200ml",
    "category": "Skincare",
    "date": "2025-10-20",
    "unitsSold": 3,
    "costPrice": 261,
    "salePrice": 378,
    "totalRevenue": 1134,
    "totalCost": 783,
    "profit": 351
  },
  {
    "id": 822,
    "productId": 75,
    "productName": "Hyaluronic Acid Serum 1L",
    "category": "Skincare",
    "date": "2025-09-02",
    "unitsSold": 10,
    "costPrice": 887,
    "salePrice": 1151,
    "totalRevenue": 11510,
    "totalCost": 8870,
    "profit": 2640
  },
  {
    "id": 823,
    "productId": 139,
    "productName": "Matte Finish Lipstick 1L",
    "category": "Cosmetics",
    "date": "2025-10-02",
    "unitsSold": 6,
    "costPrice": 223,
    "salePrice": 327,
    "totalRevenue": 1962,
    "totalCost": 1338,
    "profit": 624
  },
  {
    "id": 824,
    "productId": 17,
    "productName": "Exfoliating Scrub 50ml",
    "category": "Skincare",
    "date": "2025-10-27",
    "unitsSold": 7,
    "costPrice": 393,
    "salePrice": 512,
    "totalRevenue": 3584,
    "totalCost": 2751,
    "profit": 833
  },
  {
    "id": 825,
    "productId": 68,
    "productName": "Aloe Vera Moisturizer 500ml",
    "category": "Skincare",
    "date": "2025-09-01",
    "unitsSold": 2,
    "costPrice": 156,
    "salePrice": 222,
    "totalRevenue": 444,
    "totalCost": 312,
    "profit": 132
  },
  {
    "id": 826,
    "productId": 143,
    "productName": "Foundation Liquid 50ml",
    "category": "Cosmetics",
    "date": "2025-08-30",
    "unitsSold": 4,
    "costPrice": 178,
    "salePrice": 261,
    "totalRevenue": 1044,
    "totalCost": 712,
    "profit": 332
  },
  {
    "id": 827,
    "productId": 43,
    "productName": "Brightening Day Cream 1L",
    "category": "Skincare",
    "date": "2025-10-01",
    "unitsSold": 1,
    "costPrice": 365,
    "salePrice": 486,
    "totalRevenue": 486,
    "totalCost": 365,
    "profit": 121
  },
  {
    "id": 828,
    "productId": 194,
    "productName": "Repair Oil Blend 100ml",
    "category": "Haircare",
    "date": "2025-10-15",
    "unitsSold": 7,
    "costPrice": 419,
    "salePrice": 549,
    "totalRevenue": 3843,
    "totalCost": 2933,
    "profit": 910
  },
  {
    "id": 829,
    "productId": 85,
    "productName": "Gentle Toner 500ml",
    "category": "Skincare",
    "date": "2025-10-22",
    "unitsSold": 5,
    "costPrice": 498,
    "salePrice": 692,
    "totalRevenue": 3460,
    "totalCost": 2490,
    "profit": 970
  },
  {
    "id": 830,
    "productId": 198,
    "productName": "Protein Hair Mask 100ml",
    "category": "Haircare",
    "date": "2025-08-09",
    "unitsSold": 3,
    "costPrice": 855,
    "salePrice": 1123,
    "totalRevenue": 3369,
    "totalCost": 2565,
    "profit": 804
  },
  {
    "id": 831,
    "productId": 94,
    "productName": "Brow Pencil 50ml",
    "category": "Cosmetics",
    "date": "2025-10-04",
    "unitsSold": 3,
    "costPrice": 670,
    "salePrice": 954,
    "totalRevenue": 2862,
    "totalCost": 2010,
    "profit": 852
  },
  {
    "id": 832,
    "productId": 25,
    "productName": "Peel Off Mask 200ml",
    "category": "Skincare",
    "date": "2025-08-23",
    "unitsSold": 10,
    "costPrice": 504,
    "salePrice": 670,
    "totalRevenue": 6700,
    "totalCost": 5040,
    "profit": 1660
  },
  {
    "id": 833,
    "productId": 124,
    "productName": "BB Cream 30ml",
    "category": "Cosmetics",
    "date": "2025-08-22",
    "unitsSold": 7,
    "costPrice": 509,
    "salePrice": 697,
    "totalRevenue": 4879,
    "totalCost": 3563,
    "profit": 1316
  },
  {
    "id": 834,
    "productId": 143,
    "productName": "Foundation Liquid 50ml",
    "category": "Cosmetics",
    "date": "2025-10-28",
    "unitsSold": 9,
    "costPrice": 178,
    "salePrice": 261,
    "totalRevenue": 2349,
    "totalCost": 1602,
    "profit": 747
  },
  {
    "id": 835,
    "productId": 53,
    "productName": "Nourishing Face Cream 100ml",
    "category": "Skincare",
    "date": "2025-08-22",
    "unitsSold": 5,
    "costPrice": 450,
    "salePrice": 583,
    "totalRevenue": 2915,
    "totalCost": 2250,
    "profit": 665
  },
  {
    "id": 836,
    "productId": 197,
    "productName": "Hair Detangler Spray 1L",
    "category": "Haircare",
    "date": "2025-09-24",
    "unitsSold": 10,
    "costPrice": 325,
    "salePrice": 432,
    "totalRevenue": 4320,
    "totalCost": 3250,
    "profit": 1070
  },
  {
    "id": 837,
    "productId": 74,
    "productName": "Under Eye Cream 1L",
    "category": "Skincare",
    "date": "2025-10-30",
    "unitsSold": 9,
    "costPrice": 279,
    "salePrice": 377,
    "totalRevenue": 3393,
    "totalCost": 2511,
    "profit": 882
  },
  {
    "id": 838,
    "productId": 46,
    "productName": "Peel Off Mask 1L",
    "category": "Skincare",
    "date": "2025-10-30",
    "unitsSold": 5,
    "costPrice": 438,
    "salePrice": 615,
    "totalRevenue": 3075,
    "totalCost": 2190,
    "profit": 885
  },
  {
    "id": 839,
    "productId": 67,
    "productName": "Exfoliating Scrub 30ml",
    "category": "Skincare",
    "date": "2025-10-25",
    "unitsSold": 4,
    "costPrice": 318,
    "salePrice": 460,
    "totalRevenue": 1840,
    "totalCost": 1272,
    "profit": 568
  },
  {
    "id": 840,
    "productId": 95,
    "productName": "Foundation Liquid 30ml",
    "category": "Cosmetics",
    "date": "2025-10-13",
    "unitsSold": 6,
    "costPrice": 437,
    "salePrice": 584,
    "totalRevenue": 3504,
    "totalCost": 2622,
    "profit": 882
  },
  {
    "id": 841,
    "productId": 19,
    "productName": "Hydrating Face Serum 1L",
    "category": "Skincare",
    "date": "2025-10-27",
    "unitsSold": 6,
    "costPrice": 784,
    "salePrice": 980,
    "totalRevenue": 5880,
    "totalCost": 4704,
    "profit": 1176
  },
  {
    "id": 842,
    "productId": 172,
    "productName": "Anti-Dandruff Shampoo 250ml",
    "category": "Haircare",
    "date": "2025-10-09",
    "unitsSold": 3,
    "costPrice": 497,
    "salePrice": 634,
    "totalRevenue": 1902,
    "totalCost": 1491,
    "profit": 411
  },
  {
    "id": 843,
    "productId": 54,
    "productName": "Aloe Vera Moisturizer 1L",
    "category": "Skincare",
    "date": "2025-10-23",
    "unitsSold": 8,
    "costPrice": 403,
    "salePrice": 544,
    "totalRevenue": 4352,
    "totalCost": 3224,
    "profit": 1128
  },
  {
    "id": 844,
    "productId": 190,
    "productName": "Nourishing Hair Cream 100ml",
    "category": "Haircare",
    "date": "2025-10-17",
    "unitsSold": 8,
    "costPrice": 773,
    "salePrice": 1073,
    "totalRevenue": 8584,
    "totalCost": 6184,
    "profit": 2400
  },
  {
    "id": 845,
    "productId": 79,
    "productName": "Brightening Day Cream 1L",
    "category": "Skincare",
    "date": "2025-09-09",
    "unitsSold": 7,
    "costPrice": 531,
    "salePrice": 732,
    "totalRevenue": 5124,
    "totalCost": 3717,
    "profit": 1407
  },
  {
    "id": 846,
    "productId": 98,
    "productName": "BB Cream 50ml",
    "category": "Cosmetics",
    "date": "2025-10-03",
    "unitsSold": 8,
    "costPrice": 408,
    "salePrice": 575,
    "totalRevenue": 4600,
    "totalCost": 3264,
    "profit": 1336
  },
  {
    "id": 847,
    "productId": 179,
    "productName": "Argan Hair Oil 200ml",
    "category": "Haircare",
    "date": "2025-08-11",
    "unitsSold": 7,
    "costPrice": 649,
    "salePrice": 866,
    "totalRevenue": 6062,
    "totalCost": 4543,
    "profit": 1519
  },
  {
    "id": 848,
    "productId": 48,
    "productName": "Exfoliating Scrub 200ml",
    "category": "Skincare",
    "date": "2025-09-16",
    "unitsSold": 5,
    "costPrice": 680,
    "salePrice": 923,
    "totalRevenue": 4615,
    "totalCost": 3400,
    "profit": 1215
  },
  {
    "id": 849,
    "productId": 125,
    "productName": "Kajal Pencil 100ml",
    "category": "Cosmetics",
    "date": "2025-10-17",
    "unitsSold": 3,
    "costPrice": 114,
    "salePrice": 155,
    "totalRevenue": 465,
    "totalCost": 342,
    "profit": 123
  },
  {
    "id": 850,
    "productId": 170,
    "productName": "Color Protect Conditioner 50ml",
    "category": "Haircare",
    "date": "2025-10-23",
    "unitsSold": 10,
    "costPrice": 260,
    "salePrice": 354,
    "totalRevenue": 3540,
    "totalCost": 2600,
    "profit": 940
  },
  {
    "id": 851,
    "productId": 136,
    "productName": "Foundation Liquid 30ml",
    "category": "Cosmetics",
    "date": "2025-08-21",
    "unitsSold": 8,
    "costPrice": 411,
    "salePrice": 602,
    "totalRevenue": 4816,
    "totalCost": 3288,
    "profit": 1528
  },
  {
    "id": 852,
    "productId": 30,
    "productName": "Anti-Aging Night Cream 500ml",
    "category": "Skincare",
    "date": "2025-10-18",
    "unitsSold": 1,
    "costPrice": 899,
    "salePrice": 1205,
    "totalRevenue": 1205,
    "totalCost": 899,
    "profit": 306
  },
  {
    "id": 853,
    "productId": 193,
    "productName": "Hair Styling Gel 1L",
    "category": "Haircare",
    "date": "2025-09-19",
    "unitsSold": 5,
    "costPrice": 219,
    "salePrice": 294,
    "totalRevenue": 1470,
    "totalCost": 1095,
    "profit": 375
  },
  {
    "id": 854,
    "productId": 36,
    "productName": "Brightening Day Cream 200ml",
    "category": "Skincare",
    "date": "2025-09-20",
    "unitsSold": 4,
    "costPrice": 811,
    "salePrice": 1032,
    "totalRevenue": 4128,
    "totalCost": 3244,
    "profit": 884
  },
  {
    "id": 855,
    "productId": 78,
    "productName": "Oil-Free Moisturizer 500ml",
    "category": "Skincare",
    "date": "2025-10-10",
    "unitsSold": 9,
    "costPrice": 413,
    "salePrice": 573,
    "totalRevenue": 5157,
    "totalCost": 3717,
    "profit": 1440
  },
  {
    "id": 856,
    "productId": 62,
    "productName": "Gentle Toner 1L",
    "category": "Skincare",
    "date": "2025-10-05",
    "unitsSold": 6,
    "costPrice": 624,
    "salePrice": 878,
    "totalRevenue": 5268,
    "totalCost": 3744,
    "profit": 1524
  },
  {
    "id": 857,
    "productId": 87,
    "productName": "Acne Control Gel 1L",
    "category": "Skincare",
    "date": "2025-10-23",
    "unitsSold": 3,
    "costPrice": 675,
    "salePrice": 938,
    "totalRevenue": 2814,
    "totalCost": 2025,
    "profit": 789
  },
  {
    "id": 858,
    "productId": 150,
    "productName": "Makeup Remover 200ml",
    "category": "Cosmetics",
    "date": "2025-10-03",
    "unitsSold": 4,
    "costPrice": 158,
    "salePrice": 220,
    "totalRevenue": 880,
    "totalCost": 632,
    "profit": 248
  },
  {
    "id": 859,
    "productId": 94,
    "productName": "Brow Pencil 50ml",
    "category": "Cosmetics",
    "date": "2025-08-13",
    "unitsSold": 2,
    "costPrice": 670,
    "salePrice": 954,
    "totalRevenue": 1908,
    "totalCost": 1340,
    "profit": 568
  },
  {
    "id": 860,
    "productId": 146,
    "productName": "Kajal Pencil 50ml",
    "category": "Cosmetics",
    "date": "2025-10-17",
    "unitsSold": 10,
    "costPrice": 607,
    "salePrice": 906,
    "totalRevenue": 9060,
    "totalCost": 6070,
    "profit": 2990
  },
  {
    "id": 861,
    "productId": 179,
    "productName": "Argan Hair Oil 200ml",
    "category": "Haircare",
    "date": "2025-09-23",
    "unitsSold": 1,
    "costPrice": 649,
    "salePrice": 866,
    "totalRevenue": 866,
    "totalCost": 649,
    "profit": 217
  },
  {
    "id": 862,
    "productId": 152,
    "productName": "Blush Powder 30ml",
    "category": "Cosmetics",
    "date": "2025-10-04",
    "unitsSold": 2,
    "costPrice": 469,
    "salePrice": 668,
    "totalRevenue": 1336,
    "totalCost": 938,
    "profit": 398
  },
  {
    "id": 863,
    "productId": 21,
    "productName": "Hyaluronic Acid Serum 250ml",
    "category": "Skincare",
    "date": "2025-08-10",
    "unitsSold": 9,
    "costPrice": 171,
    "salePrice": 232,
    "totalRevenue": 2088,
    "totalCost": 1539,
    "profit": 549
  },
  {
    "id": 864,
    "productId": 33,
    "productName": "Oil-Free Moisturizer 200ml",
    "category": "Skincare",
    "date": "2025-10-10",
    "unitsSold": 5,
    "costPrice": 285,
    "salePrice": 411,
    "totalRevenue": 2055,
    "totalCost": 1425,
    "profit": 630
  },
  {
    "id": 865,
    "productId": 26,
    "productName": "Under Eye Cream 1L",
    "category": "Skincare",
    "date": "2025-10-12",
    "unitsSold": 9,
    "costPrice": 178,
    "salePrice": 226,
    "totalRevenue": 2034,
    "totalCost": 1602,
    "profit": 432
  },
  {
    "id": 866,
    "productId": 135,
    "productName": "Setting Spray 1L",
    "category": "Cosmetics",
    "date": "2025-10-18",
    "unitsSold": 6,
    "costPrice": 106,
    "salePrice": 154,
    "totalRevenue": 924,
    "totalCost": 636,
    "profit": 288
  },
  {
    "id": 867,
    "productId": 116,
    "productName": "Eyeshadow Palette 1L",
    "category": "Cosmetics",
    "date": "2025-08-01",
    "unitsSold": 3,
    "costPrice": 566,
    "salePrice": 807,
    "totalRevenue": 2421,
    "totalCost": 1698,
    "profit": 723
  },
  {
    "id": 868,
    "productId": 9,
    "productName": "Acne Control Gel 200ml",
    "category": "Skincare",
    "date": "2025-08-17",
    "unitsSold": 1,
    "costPrice": 227,
    "salePrice": 317,
    "totalRevenue": 317,
    "totalCost": 227,
    "profit": 90
  },
  {
    "id": 869,
    "productId": 156,
    "productName": "Kajal Pencil 500ml",
    "category": "Cosmetics",
    "date": "2025-09-08",
    "unitsSold": 1,
    "costPrice": 420,
    "salePrice": 598,
    "totalRevenue": 598,
    "totalCost": 420,
    "profit": 178
  },
  {
    "id": 870,
    "productId": 39,
    "productName": "Face Cleanser 50ml",
    "category": "Skincare",
    "date": "2025-10-25",
    "unitsSold": 6,
    "costPrice": 261,
    "salePrice": 376,
    "totalRevenue": 2256,
    "totalCost": 1566,
    "profit": 690
  },
  {
    "id": 871,
    "productId": 50,
    "productName": "Face Oil 100ml",
    "category": "Skincare",
    "date": "2025-10-03",
    "unitsSold": 7,
    "costPrice": 470,
    "salePrice": 653,
    "totalRevenue": 4571,
    "totalCost": 3290,
    "profit": 1281
  },
  {
    "id": 872,
    "productId": 151,
    "productName": "Brow Pencil 100ml",
    "category": "Cosmetics",
    "date": "2025-10-04",
    "unitsSold": 2,
    "costPrice": 657,
    "salePrice": 866,
    "totalRevenue": 1732,
    "totalCost": 1314,
    "profit": 418
  },
  {
    "id": 873,
    "productId": 5,
    "productName": "Brightening Day Cream 500ml",
    "category": "Skincare",
    "date": "2025-08-21",
    "unitsSold": 6,
    "costPrice": 711,
    "salePrice": 962,
    "totalRevenue": 5772,
    "totalCost": 4266,
    "profit": 1506
  },
  {
    "id": 874,
    "productId": 17,
    "productName": "Exfoliating Scrub 50ml",
    "category": "Skincare",
    "date": "2025-09-01",
    "unitsSold": 1,
    "costPrice": 393,
    "salePrice": 512,
    "totalRevenue": 512,
    "totalCost": 393,
    "profit": 119
  },
  {
    "id": 875,
    "productId": 128,
    "productName": "Kajal Pencil 200ml",
    "category": "Cosmetics",
    "date": "2025-10-04",
    "unitsSold": 4,
    "costPrice": 169,
    "salePrice": 233,
    "totalRevenue": 932,
    "totalCost": 676,
    "profit": 256
  },
  {
    "id": 876,
    "productId": 143,
    "productName": "Foundation Liquid 50ml",
    "category": "Cosmetics",
    "date": "2025-10-24",
    "unitsSold": 7,
    "costPrice": 178,
    "salePrice": 261,
    "totalRevenue": 1827,
    "totalCost": 1246,
    "profit": 581
  },
  {
    "id": 877,
    "productId": 157,
    "productName": "Lip Gloss 50ml",
    "category": "Cosmetics",
    "date": "2025-10-15",
    "unitsSold": 6,
    "costPrice": 410,
    "salePrice": 585,
    "totalRevenue": 3510,
    "totalCost": 2460,
    "profit": 1050
  },
  {
    "id": 878,
    "productId": 120,
    "productName": "Setting Spray 100ml",
    "category": "Cosmetics",
    "date": "2025-09-21",
    "unitsSold": 1,
    "costPrice": 672,
    "salePrice": 937,
    "totalRevenue": 937,
    "totalCost": 672,
    "profit": 265
  },
  {
    "id": 879,
    "productId": 2,
    "productName": "Charcoal Face Mask 200ml",
    "category": "Skincare",
    "date": "2025-08-17",
    "unitsSold": 9,
    "costPrice": 307,
    "salePrice": 440,
    "totalRevenue": 3960,
    "totalCost": 2763,
    "profit": 1197
  },
  {
    "id": 880,
    "productId": 128,
    "productName": "Kajal Pencil 200ml",
    "category": "Cosmetics",
    "date": "2025-10-03",
    "unitsSold": 2,
    "costPrice": 169,
    "salePrice": 233,
    "totalRevenue": 466,
    "totalCost": 338,
    "profit": 128
  },
  {
    "id": 881,
    "productId": 93,
    "productName": "Tinted Lip Balm 30ml",
    "category": "Cosmetics",
    "date": "2025-08-23",
    "unitsSold": 8,
    "costPrice": 514,
    "salePrice": 688,
    "totalRevenue": 5504,
    "totalCost": 4112,
    "profit": 1392
  },
  {
    "id": 882,
    "productId": 52,
    "productName": "Under Eye Cream 200ml",
    "category": "Skincare",
    "date": "2025-10-01",
    "unitsSold": 3,
    "costPrice": 497,
    "salePrice": 669,
    "totalRevenue": 2007,
    "totalCost": 1491,
    "profit": 516
  },
  {
    "id": 883,
    "productId": 87,
    "productName": "Acne Control Gel 1L",
    "category": "Skincare",
    "date": "2025-08-06",
    "unitsSold": 4,
    "costPrice": 675,
    "salePrice": 938,
    "totalRevenue": 3752,
    "totalCost": 2700,
    "profit": 1052
  },
  {
    "id": 884,
    "productId": 200,
    "productName": "Hair Styling Gel 30ml",
    "category": "Haircare",
    "date": "2025-09-06",
    "unitsSold": 6,
    "costPrice": 325,
    "salePrice": 434,
    "totalRevenue": 2604,
    "totalCost": 1950,
    "profit": 654
  },
  {
    "id": 885,
    "productId": 162,
    "productName": "Scalp Tonic 100ml",
    "category": "Haircare",
    "date": "2025-08-22",
    "unitsSold": 4,
    "costPrice": 530,
    "salePrice": 675,
    "totalRevenue": 2700,
    "totalCost": 2120,
    "profit": 580
  },
  {
    "id": 886,
    "productId": 168,
    "productName": "Anti-Dandruff Shampoo 500ml",
    "category": "Haircare",
    "date": "2025-09-17",
    "unitsSold": 4,
    "costPrice": 328,
    "salePrice": 453,
    "totalRevenue": 1812,
    "totalCost": 1312,
    "profit": 500
  },
  {
    "id": 887,
    "productId": 33,
    "productName": "Oil-Free Moisturizer 200ml",
    "category": "Skincare",
    "date": "2025-09-27",
    "unitsSold": 9,
    "costPrice": 285,
    "salePrice": 411,
    "totalRevenue": 3699,
    "totalCost": 2565,
    "profit": 1134
  },
  {
    "id": 888,
    "productId": 115,
    "productName": "Setting Spray 1L",
    "category": "Cosmetics",
    "date": "2025-10-28",
    "unitsSold": 6,
    "costPrice": 411,
    "salePrice": 595,
    "totalRevenue": 3570,
    "totalCost": 2466,
    "profit": 1104
  },
  {
    "id": 889,
    "productId": 117,
    "productName": "Compact Powder 30ml",
    "category": "Cosmetics",
    "date": "2025-10-21",
    "unitsSold": 4,
    "costPrice": 457,
    "salePrice": 665,
    "totalRevenue": 2660,
    "totalCost": 1828,
    "profit": 832
  },
  {
    "id": 890,
    "productId": 13,
    "productName": "Under Eye Cream 1L",
    "category": "Skincare",
    "date": "2025-09-28",
    "unitsSold": 8,
    "costPrice": 286,
    "salePrice": 405,
    "totalRevenue": 3240,
    "totalCost": 2288,
    "profit": 952
  },
  {
    "id": 891,
    "productId": 90,
    "productName": "Acne Control Gel 50ml",
    "category": "Skincare",
    "date": "2025-09-16",
    "unitsSold": 4,
    "costPrice": 877,
    "salePrice": 1098,
    "totalRevenue": 4392,
    "totalCost": 3508,
    "profit": 884
  },
  {
    "id": 892,
    "productId": 75,
    "productName": "Hyaluronic Acid Serum 1L",
    "category": "Skincare",
    "date": "2025-09-14",
    "unitsSold": 7,
    "costPrice": 887,
    "salePrice": 1151,
    "totalRevenue": 8057,
    "totalCost": 6209,
    "profit": 1848
  },
  {
    "id": 893,
    "productId": 89,
    "productName": "Vitamin C Face Wash 1L",
    "category": "Skincare",
    "date": "2025-10-31",
    "unitsSold": 3,
    "costPrice": 706,
    "salePrice": 960,
    "totalRevenue": 2880,
    "totalCost": 2118,
    "profit": 762
  },
  {
    "id": 894,
    "productId": 158,
    "productName": "Concealer Stick 250ml",
    "category": "Cosmetics",
    "date": "2025-10-01",
    "unitsSold": 2,
    "costPrice": 679,
    "salePrice": 938,
    "totalRevenue": 1876,
    "totalCost": 1358,
    "profit": 518
  },
  {
    "id": 895,
    "productId": 138,
    "productName": "Liquid Eyeliner 250ml",
    "category": "Cosmetics",
    "date": "2025-10-25",
    "unitsSold": 7,
    "costPrice": 425,
    "salePrice": 595,
    "totalRevenue": 4165,
    "totalCost": 2975,
    "profit": 1190
  },
  {
    "id": 896,
    "productId": 29,
    "productName": "Clay Mask 500ml",
    "category": "Skincare",
    "date": "2025-09-23",
    "unitsSold": 8,
    "costPrice": 898,
    "salePrice": 1159,
    "totalRevenue": 9272,
    "totalCost": 7184,
    "profit": 2088
  },
  {
    "id": 897,
    "productId": 11,
    "productName": "Sunscreen SPF 50 250ml",
    "category": "Skincare",
    "date": "2025-09-08",
    "unitsSold": 9,
    "costPrice": 617,
    "salePrice": 788,
    "totalRevenue": 7092,
    "totalCost": 5553,
    "profit": 1539
  },
  {
    "id": 898,
    "productId": 82,
    "productName": "Nourishing Face Cream 1L",
    "category": "Skincare",
    "date": "2025-09-15",
    "unitsSold": 5,
    "costPrice": 715,
    "salePrice": 966,
    "totalRevenue": 4830,
    "totalCost": 3575,
    "profit": 1255
  },
  {
    "id": 899,
    "productId": 62,
    "productName": "Gentle Toner 1L",
    "category": "Skincare",
    "date": "2025-08-24",
    "unitsSold": 3,
    "costPrice": 624,
    "salePrice": 878,
    "totalRevenue": 2634,
    "totalCost": 1872,
    "profit": 762
  },
  {
    "id": 900,
    "productId": 147,
    "productName": "Makeup Sponge 200ml",
    "category": "Cosmetics",
    "date": "2025-08-22",
    "unitsSold": 8,
    "costPrice": 505,
    "salePrice": 750,
    "totalRevenue": 6000,
    "totalCost": 4040,
    "profit": 1960
  },
  {
    "id": 901,
    "productId": 108,
    "productName": "Brow Pencil 30ml",
    "category": "Cosmetics",
    "date": "2025-09-11",
    "unitsSold": 1,
    "costPrice": 507,
    "salePrice": 738,
    "totalRevenue": 738,
    "totalCost": 507,
    "profit": 231
  },
  {
    "id": 902,
    "productId": 51,
    "productName": "Oil-Free Moisturizer 30ml",
    "category": "Skincare",
    "date": "2025-09-30",
    "unitsSold": 9,
    "costPrice": 387,
    "salePrice": 506,
    "totalRevenue": 4554,
    "totalCost": 3483,
    "profit": 1071
  },
  {
    "id": 903,
    "productId": 84,
    "productName": "Gentle Toner 100ml",
    "category": "Skincare",
    "date": "2025-08-29",
    "unitsSold": 4,
    "costPrice": 247,
    "salePrice": 352,
    "totalRevenue": 1408,
    "totalCost": 988,
    "profit": 420
  },
  {
    "id": 904,
    "productId": 118,
    "productName": "Contour Stick 250ml",
    "category": "Cosmetics",
    "date": "2025-10-29",
    "unitsSold": 9,
    "costPrice": 417,
    "salePrice": 623,
    "totalRevenue": 5607,
    "totalCost": 3753,
    "profit": 1854
  },
  {
    "id": 905,
    "productId": 158,
    "productName": "Concealer Stick 250ml",
    "category": "Cosmetics",
    "date": "2025-10-08",
    "unitsSold": 8,
    "costPrice": 679,
    "salePrice": 938,
    "totalRevenue": 7504,
    "totalCost": 5432,
    "profit": 2072
  },
  {
    "id": 906,
    "productId": 105,
    "productName": "Lip Gloss 50ml",
    "category": "Cosmetics",
    "date": "2025-09-08",
    "unitsSold": 1,
    "costPrice": 331,
    "salePrice": 472,
    "totalRevenue": 472,
    "totalCost": 331,
    "profit": 141
  },
  {
    "id": 907,
    "productId": 43,
    "productName": "Brightening Day Cream 1L",
    "category": "Skincare",
    "date": "2025-09-09",
    "unitsSold": 5,
    "costPrice": 365,
    "salePrice": 486,
    "totalRevenue": 2430,
    "totalCost": 1825,
    "profit": 605
  },
  {
    "id": 908,
    "productId": 14,
    "productName": "Oil-Free Moisturizer 30ml",
    "category": "Skincare",
    "date": "2025-10-19",
    "unitsSold": 9,
    "costPrice": 723,
    "salePrice": 1005,
    "totalRevenue": 9045,
    "totalCost": 6507,
    "profit": 2538
  },
  {
    "id": 909,
    "productId": 51,
    "productName": "Oil-Free Moisturizer 30ml",
    "category": "Skincare",
    "date": "2025-10-17",
    "unitsSold": 3,
    "costPrice": 387,
    "salePrice": 506,
    "totalRevenue": 1518,
    "totalCost": 1161,
    "profit": 357
  },
  {
    "id": 910,
    "productId": 182,
    "productName": "Color Protect Conditioner 200ml",
    "category": "Haircare",
    "date": "2025-10-15",
    "unitsSold": 6,
    "costPrice": 651,
    "salePrice": 899,
    "totalRevenue": 5394,
    "totalCost": 3906,
    "profit": 1488
  },
  {
    "id": 911,
    "productId": 65,
    "productName": "Rose Water Toner 200ml",
    "category": "Skincare",
    "date": "2025-10-02",
    "unitsSold": 5,
    "costPrice": 886,
    "salePrice": 1191,
    "totalRevenue": 5955,
    "totalCost": 4430,
    "profit": 1525
  },
  {
    "id": 912,
    "productId": 78,
    "productName": "Oil-Free Moisturizer 500ml",
    "category": "Skincare",
    "date": "2025-10-19",
    "unitsSold": 7,
    "costPrice": 413,
    "salePrice": 573,
    "totalRevenue": 4011,
    "totalCost": 2891,
    "profit": 1120
  },
  {
    "id": 913,
    "productId": 8,
    "productName": "Charcoal Face Mask 30ml",
    "category": "Skincare",
    "date": "2025-08-17",
    "unitsSold": 9,
    "costPrice": 462,
    "salePrice": 600,
    "totalRevenue": 5400,
    "totalCost": 4158,
    "profit": 1242
  },
  {
    "id": 914,
    "productId": 122,
    "productName": "Makeup Remover 200ml",
    "category": "Cosmetics",
    "date": "2025-09-03",
    "unitsSold": 4,
    "costPrice": 616,
    "salePrice": 866,
    "totalRevenue": 3464,
    "totalCost": 2464,
    "profit": 1000
  },
  {
    "id": 915,
    "productId": 142,
    "productName": "Kajal Pencil 50ml",
    "category": "Cosmetics",
    "date": "2025-09-05",
    "unitsSold": 1,
    "costPrice": 592,
    "salePrice": 856,
    "totalRevenue": 856,
    "totalCost": 592,
    "profit": 264
  },
  {
    "id": 916,
    "productId": 100,
    "productName": "Lip Liner 50ml",
    "category": "Cosmetics",
    "date": "2025-08-30",
    "unitsSold": 1,
    "costPrice": 193,
    "salePrice": 262,
    "totalRevenue": 262,
    "totalCost": 193,
    "profit": 69
  },
  {
    "id": 917,
    "productId": 59,
    "productName": "Clay Mask 100ml",
    "category": "Skincare",
    "date": "2025-10-22",
    "unitsSold": 6,
    "costPrice": 755,
    "salePrice": 955,
    "totalRevenue": 5730,
    "totalCost": 4530,
    "profit": 1200
  },
  {
    "id": 918,
    "productId": 114,
    "productName": "BB Cream 1L",
    "category": "Cosmetics",
    "date": "2025-09-05",
    "unitsSold": 7,
    "costPrice": 365,
    "salePrice": 539,
    "totalRevenue": 3773,
    "totalCost": 2555,
    "profit": 1218
  },
  {
    "id": 919,
    "productId": 172,
    "productName": "Anti-Dandruff Shampoo 250ml",
    "category": "Haircare",
    "date": "2025-09-24",
    "unitsSold": 9,
    "costPrice": 497,
    "salePrice": 634,
    "totalRevenue": 5706,
    "totalCost": 4473,
    "profit": 1233
  },
  {
    "id": 920,
    "productId": 75,
    "productName": "Hyaluronic Acid Serum 1L",
    "category": "Skincare",
    "date": "2025-08-18",
    "unitsSold": 6,
    "costPrice": 887,
    "salePrice": 1151,
    "totalRevenue": 6906,
    "totalCost": 5322,
    "profit": 1584
  },
  {
    "id": 921,
    "productId": 101,
    "productName": "Setting Spray 100ml",
    "category": "Cosmetics",
    "date": "2025-09-08",
    "unitsSold": 6,
    "costPrice": 313,
    "salePrice": 411,
    "totalRevenue": 2466,
    "totalCost": 1878,
    "profit": 588
  },
  {
    "id": 922,
    "productId": 165,
    "productName": "Argan Hair Oil 1L",
    "category": "Haircare",
    "date": "2025-10-25",
    "unitsSold": 3,
    "costPrice": 145,
    "salePrice": 197,
    "totalRevenue": 591,
    "totalCost": 435,
    "profit": 156
  },
  {
    "id": 923,
    "productId": 61,
    "productName": "Rose Water Toner 50ml",
    "category": "Skincare",
    "date": "2025-09-02",
    "unitsSold": 4,
    "costPrice": 746,
    "salePrice": 992,
    "totalRevenue": 3968,
    "totalCost": 2984,
    "profit": 984
  },
  {
    "id": 924,
    "productId": 74,
    "productName": "Under Eye Cream 1L",
    "category": "Skincare",
    "date": "2025-09-08",
    "unitsSold": 9,
    "costPrice": 279,
    "salePrice": 377,
    "totalRevenue": 3393,
    "totalCost": 2511,
    "profit": 882
  },
  {
    "id": 925,
    "productId": 22,
    "productName": "Face Oil 50ml",
    "category": "Skincare",
    "date": "2025-10-29",
    "unitsSold": 6,
    "costPrice": 345,
    "salePrice": 449,
    "totalRevenue": 2694,
    "totalCost": 2070,
    "profit": 624
  },
  {
    "id": 926,
    "productId": 92,
    "productName": "Brow Pencil 30ml",
    "category": "Cosmetics",
    "date": "2025-09-29",
    "unitsSold": 6,
    "costPrice": 561,
    "salePrice": 761,
    "totalRevenue": 4566,
    "totalCost": 3366,
    "profit": 1200
  },
  {
    "id": 927,
    "productId": 175,
    "productName": "Hair Serum 1L",
    "category": "Haircare",
    "date": "2025-08-07",
    "unitsSold": 5,
    "costPrice": 359,
    "salePrice": 488,
    "totalRevenue": 2440,
    "totalCost": 1795,
    "profit": 645
  },
  {
    "id": 928,
    "productId": 22,
    "productName": "Face Oil 50ml",
    "category": "Skincare",
    "date": "2025-08-04",
    "unitsSold": 8,
    "costPrice": 345,
    "salePrice": 449,
    "totalRevenue": 3592,
    "totalCost": 2760,
    "profit": 832
  },
  {
    "id": 929,
    "productId": 168,
    "productName": "Anti-Dandruff Shampoo 500ml",
    "category": "Haircare",
    "date": "2025-08-20",
    "unitsSold": 2,
    "costPrice": 328,
    "salePrice": 453,
    "totalRevenue": 906,
    "totalCost": 656,
    "profit": 250
  },
  {
    "id": 930,
    "productId": 27,
    "productName": "Hydrating Face Serum 250ml",
    "category": "Skincare",
    "date": "2025-10-04",
    "unitsSold": 6,
    "costPrice": 491,
    "salePrice": 666,
    "totalRevenue": 3996,
    "totalCost": 2946,
    "profit": 1050
  },
  {
    "id": 931,
    "productId": 107,
    "productName": "Liquid Eyeliner 1L",
    "category": "Cosmetics",
    "date": "2025-08-06",
    "unitsSold": 4,
    "costPrice": 688,
    "salePrice": 967,
    "totalRevenue": 3868,
    "totalCost": 2752,
    "profit": 1116
  },
  {
    "id": 932,
    "productId": 57,
    "productName": "Anti-Aging Night Cream 100ml",
    "category": "Skincare",
    "date": "2025-08-20",
    "unitsSold": 4,
    "costPrice": 492,
    "salePrice": 702,
    "totalRevenue": 2808,
    "totalCost": 1968,
    "profit": 840
  },
  {
    "id": 933,
    "productId": 153,
    "productName": "Brow Pencil 50ml",
    "category": "Cosmetics",
    "date": "2025-10-20",
    "unitsSold": 9,
    "costPrice": 271,
    "salePrice": 353,
    "totalRevenue": 3177,
    "totalCost": 2439,
    "profit": 738
  },
  {
    "id": 934,
    "productId": 30,
    "productName": "Anti-Aging Night Cream 500ml",
    "category": "Skincare",
    "date": "2025-08-18",
    "unitsSold": 10,
    "costPrice": 899,
    "salePrice": 1205,
    "totalRevenue": 12050,
    "totalCost": 8990,
    "profit": 3060
  },
  {
    "id": 935,
    "productId": 59,
    "productName": "Clay Mask 100ml",
    "category": "Skincare",
    "date": "2025-10-27",
    "unitsSold": 5,
    "costPrice": 755,
    "salePrice": 955,
    "totalRevenue": 4775,
    "totalCost": 3775,
    "profit": 1000
  },
  {
    "id": 936,
    "productId": 21,
    "productName": "Hyaluronic Acid Serum 250ml",
    "category": "Skincare",
    "date": "2025-08-08",
    "unitsSold": 9,
    "costPrice": 171,
    "salePrice": 232,
    "totalRevenue": 2088,
    "totalCost": 1539,
    "profit": 549
  },
  {
    "id": 937,
    "productId": 149,
    "productName": "Makeup Sponge 1L",
    "category": "Cosmetics",
    "date": "2025-09-04",
    "unitsSold": 8,
    "costPrice": 325,
    "salePrice": 423,
    "totalRevenue": 3384,
    "totalCost": 2600,
    "profit": 784
  },
  {
    "id": 938,
    "productId": 31,
    "productName": "Nourishing Face Cream 200ml",
    "category": "Skincare",
    "date": "2025-09-19",
    "unitsSold": 2,
    "costPrice": 732,
    "salePrice": 1031,
    "totalRevenue": 2062,
    "totalCost": 1464,
    "profit": 598
  },
  {
    "id": 939,
    "productId": 82,
    "productName": "Nourishing Face Cream 1L",
    "category": "Skincare",
    "date": "2025-08-13",
    "unitsSold": 5,
    "costPrice": 715,
    "salePrice": 966,
    "totalRevenue": 4830,
    "totalCost": 3575,
    "profit": 1255
  },
  {
    "id": 940,
    "productId": 83,
    "productName": "Under Eye Cream 250ml",
    "category": "Skincare",
    "date": "2025-09-10",
    "unitsSold": 6,
    "costPrice": 171,
    "salePrice": 222,
    "totalRevenue": 1332,
    "totalCost": 1026,
    "profit": 306
  },
  {
    "id": 941,
    "productId": 133,
    "productName": "Eyeshadow Palette 50ml",
    "category": "Cosmetics",
    "date": "2025-08-25",
    "unitsSold": 10,
    "costPrice": 601,
    "salePrice": 868,
    "totalRevenue": 8680,
    "totalCost": 6010,
    "profit": 2670
  },
  {
    "id": 942,
    "productId": 75,
    "productName": "Hyaluronic Acid Serum 1L",
    "category": "Skincare",
    "date": "2025-10-19",
    "unitsSold": 3,
    "costPrice": 887,
    "salePrice": 1151,
    "totalRevenue": 3453,
    "totalCost": 2661,
    "profit": 792
  },
  {
    "id": 943,
    "productId": 88,
    "productName": "Hyaluronic Acid Serum 100ml",
    "category": "Skincare",
    "date": "2025-08-02",
    "unitsSold": 4,
    "costPrice": 312,
    "salePrice": 437,
    "totalRevenue": 1748,
    "totalCost": 1248,
    "profit": 500
  },
  {
    "id": 944,
    "productId": 119,
    "productName": "Makeup Sponge 1L",
    "category": "Cosmetics",
    "date": "2025-08-27",
    "unitsSold": 4,
    "costPrice": 301,
    "salePrice": 427,
    "totalRevenue": 1708,
    "totalCost": 1204,
    "profit": 504
  },
  {
    "id": 945,
    "productId": 48,
    "productName": "Exfoliating Scrub 200ml",
    "category": "Skincare",
    "date": "2025-09-23",
    "unitsSold": 10,
    "costPrice": 680,
    "salePrice": 923,
    "totalRevenue": 9230,
    "totalCost": 6800,
    "profit": 2430
  },
  {
    "id": 946,
    "productId": 94,
    "productName": "Brow Pencil 50ml",
    "category": "Cosmetics",
    "date": "2025-10-15",
    "unitsSold": 7,
    "costPrice": 670,
    "salePrice": 954,
    "totalRevenue": 6678,
    "totalCost": 4690,
    "profit": 1988
  },
  {
    "id": 947,
    "productId": 172,
    "productName": "Anti-Dandruff Shampoo 250ml",
    "category": "Haircare",
    "date": "2025-10-06",
    "unitsSold": 10,
    "costPrice": 497,
    "salePrice": 634,
    "totalRevenue": 6340,
    "totalCost": 4970,
    "profit": 1370
  },
  {
    "id": 948,
    "productId": 97,
    "productName": "Blush Powder 1L",
    "category": "Cosmetics",
    "date": "2025-08-13",
    "unitsSold": 8,
    "costPrice": 583,
    "salePrice": 867,
    "totalRevenue": 6936,
    "totalCost": 4664,
    "profit": 2272
  },
  {
    "id": 949,
    "productId": 174,
    "productName": "Hair Serum 250ml",
    "category": "Haircare",
    "date": "2025-10-04",
    "unitsSold": 5,
    "costPrice": 677,
    "salePrice": 892,
    "totalRevenue": 4460,
    "totalCost": 3385,
    "profit": 1075
  },
  {
    "id": 950,
    "productId": 117,
    "productName": "Compact Powder 30ml",
    "category": "Cosmetics",
    "date": "2025-09-30",
    "unitsSold": 3,
    "costPrice": 457,
    "salePrice": 665,
    "totalRevenue": 1995,
    "totalCost": 1371,
    "profit": 624
  },
  {
    "id": 951,
    "productId": 35,
    "productName": "Charcoal Face Mask 500ml",
    "category": "Skincare",
    "date": "2025-10-21",
    "unitsSold": 8,
    "costPrice": 343,
    "salePrice": 472,
    "totalRevenue": 3776,
    "totalCost": 2744,
    "profit": 1032
  },
  {
    "id": 952,
    "productId": 68,
    "productName": "Aloe Vera Moisturizer 500ml",
    "category": "Skincare",
    "date": "2025-10-21",
    "unitsSold": 5,
    "costPrice": 156,
    "salePrice": 222,
    "totalRevenue": 1110,
    "totalCost": 780,
    "profit": 330
  },
  {
    "id": 953,
    "productId": 92,
    "productName": "Brow Pencil 30ml",
    "category": "Cosmetics",
    "date": "2025-08-05",
    "unitsSold": 5,
    "costPrice": 561,
    "salePrice": 761,
    "totalRevenue": 3805,
    "totalCost": 2805,
    "profit": 1000
  },
  {
    "id": 954,
    "productId": 54,
    "productName": "Aloe Vera Moisturizer 1L",
    "category": "Skincare",
    "date": "2025-10-10",
    "unitsSold": 8,
    "costPrice": 403,
    "salePrice": 544,
    "totalRevenue": 4352,
    "totalCost": 3224,
    "profit": 1128
  },
  {
    "id": 955,
    "productId": 151,
    "productName": "Brow Pencil 100ml",
    "category": "Cosmetics",
    "date": "2025-08-06",
    "unitsSold": 5,
    "costPrice": 657,
    "salePrice": 866,
    "totalRevenue": 4330,
    "totalCost": 3285,
    "profit": 1045
  },
  {
    "id": 956,
    "productId": 132,
    "productName": "Makeup Sponge 30ml",
    "category": "Cosmetics",
    "date": "2025-10-16",
    "unitsSold": 10,
    "costPrice": 339,
    "salePrice": 501,
    "totalRevenue": 5010,
    "totalCost": 3390,
    "profit": 1620
  },
  {
    "id": 957,
    "productId": 189,
    "productName": "Smoothening Shampoo 500ml",
    "category": "Haircare",
    "date": "2025-09-22",
    "unitsSold": 2,
    "costPrice": 164,
    "salePrice": 212,
    "totalRevenue": 424,
    "totalCost": 328,
    "profit": 96
  },
  {
    "id": 958,
    "productId": 105,
    "productName": "Lip Gloss 50ml",
    "category": "Cosmetics",
    "date": "2025-10-11",
    "unitsSold": 1,
    "costPrice": 331,
    "salePrice": 472,
    "totalRevenue": 472,
    "totalCost": 331,
    "profit": 141
  },
  {
    "id": 959,
    "productId": 13,
    "productName": "Under Eye Cream 1L",
    "category": "Skincare",
    "date": "2025-08-03",
    "unitsSold": 4,
    "costPrice": 286,
    "salePrice": 405,
    "totalRevenue": 1620,
    "totalCost": 1144,
    "profit": 476
  },
  {
    "id": 960,
    "productId": 46,
    "productName": "Peel Off Mask 1L",
    "category": "Skincare",
    "date": "2025-09-26",
    "unitsSold": 3,
    "costPrice": 438,
    "salePrice": 615,
    "totalRevenue": 1845,
    "totalCost": 1314,
    "profit": 531
  },
  {
    "id": 961,
    "productId": 186,
    "productName": "Anti-Dandruff Shampoo 1L",
    "category": "Haircare",
    "date": "2025-10-08",
    "unitsSold": 3,
    "costPrice": 945,
    "salePrice": 1199,
    "totalRevenue": 3597,
    "totalCost": 2835,
    "profit": 762
  },
  {
    "id": 962,
    "productId": 179,
    "productName": "Argan Hair Oil 200ml",
    "category": "Haircare",
    "date": "2025-08-31",
    "unitsSold": 2,
    "costPrice": 649,
    "salePrice": 866,
    "totalRevenue": 1732,
    "totalCost": 1298,
    "profit": 434
  },
  {
    "id": 963,
    "productId": 68,
    "productName": "Aloe Vera Moisturizer 500ml",
    "category": "Skincare",
    "date": "2025-09-06",
    "unitsSold": 9,
    "costPrice": 156,
    "salePrice": 222,
    "totalRevenue": 1998,
    "totalCost": 1404,
    "profit": 594
  },
  {
    "id": 964,
    "productId": 136,
    "productName": "Foundation Liquid 30ml",
    "category": "Cosmetics",
    "date": "2025-09-20",
    "unitsSold": 10,
    "costPrice": 411,
    "salePrice": 602,
    "totalRevenue": 6020,
    "totalCost": 4110,
    "profit": 1910
  },
  {
    "id": 965,
    "productId": 133,
    "productName": "Eyeshadow Palette 50ml",
    "category": "Cosmetics",
    "date": "2025-10-20",
    "unitsSold": 2,
    "costPrice": 601,
    "salePrice": 868,
    "totalRevenue": 1736,
    "totalCost": 1202,
    "profit": 534
  },
  {
    "id": 966,
    "productId": 191,
    "productName": "Nourishing Hair Cream 250ml",
    "category": "Haircare",
    "date": "2025-09-08",
    "unitsSold": 10,
    "costPrice": 458,
    "salePrice": 608,
    "totalRevenue": 6080,
    "totalCost": 4580,
    "profit": 1500
  },
  {
    "id": 967,
    "productId": 155,
    "productName": "Contour Stick 100ml",
    "category": "Cosmetics",
    "date": "2025-09-28",
    "unitsSold": 2,
    "costPrice": 453,
    "salePrice": 666,
    "totalRevenue": 1332,
    "totalCost": 906,
    "profit": 426
  },
  {
    "id": 968,
    "productId": 64,
    "productName": "Brightening Day Cream 100ml",
    "category": "Skincare",
    "date": "2025-10-17",
    "unitsSold": 10,
    "costPrice": 251,
    "salePrice": 339,
    "totalRevenue": 3390,
    "totalCost": 2510,
    "profit": 880
  },
  {
    "id": 969,
    "productId": 120,
    "productName": "Setting Spray 100ml",
    "category": "Cosmetics",
    "date": "2025-09-18",
    "unitsSold": 8,
    "costPrice": 672,
    "salePrice": 937,
    "totalRevenue": 7496,
    "totalCost": 5376,
    "profit": 2120
  },
  {
    "id": 970,
    "productId": 109,
    "productName": "Blush Powder 200ml",
    "category": "Cosmetics",
    "date": "2025-10-29",
    "unitsSold": 4,
    "costPrice": 265,
    "salePrice": 389,
    "totalRevenue": 1556,
    "totalCost": 1060,
    "profit": 496
  },
  {
    "id": 971,
    "productId": 178,
    "productName": "Curl Defining Cream 200ml",
    "category": "Haircare",
    "date": "2025-08-10",
    "unitsSold": 3,
    "costPrice": 347,
    "salePrice": 450,
    "totalRevenue": 1350,
    "totalCost": 1041,
    "profit": 309
  },
  {
    "id": 972,
    "productId": 30,
    "productName": "Anti-Aging Night Cream 500ml",
    "category": "Skincare",
    "date": "2025-08-15",
    "unitsSold": 9,
    "costPrice": 899,
    "salePrice": 1205,
    "totalRevenue": 10845,
    "totalCost": 8091,
    "profit": 2754
  },
  {
    "id": 973,
    "productId": 60,
    "productName": "Brightening Day Cream 200ml",
    "category": "Skincare",
    "date": "2025-09-03",
    "unitsSold": 1,
    "costPrice": 261,
    "salePrice": 378,
    "totalRevenue": 378,
    "totalCost": 261,
    "profit": 117
  },
  {
    "id": 974,
    "productId": 76,
    "productName": "Acne Control Gel 200ml",
    "category": "Skincare",
    "date": "2025-09-30",
    "unitsSold": 4,
    "costPrice": 481,
    "salePrice": 629,
    "totalRevenue": 2516,
    "totalCost": 1924,
    "profit": 592
  },
  {
    "id": 975,
    "productId": 16,
    "productName": "Rose Water Toner 50ml",
    "category": "Skincare",
    "date": "2025-10-09",
    "unitsSold": 1,
    "costPrice": 734,
    "salePrice": 1012,
    "totalRevenue": 1012,
    "totalCost": 734,
    "profit": 278
  },
  {
    "id": 976,
    "productId": 95,
    "productName": "Foundation Liquid 30ml",
    "category": "Cosmetics",
    "date": "2025-10-04",
    "unitsSold": 8,
    "costPrice": 437,
    "salePrice": 584,
    "totalRevenue": 4672,
    "totalCost": 3496,
    "profit": 1176
  },
  {
    "id": 977,
    "productId": 155,
    "productName": "Contour Stick 100ml",
    "category": "Cosmetics",
    "date": "2025-09-26",
    "unitsSold": 6,
    "costPrice": 453,
    "salePrice": 666,
    "totalRevenue": 3996,
    "totalCost": 2718,
    "profit": 1278
  },
  {
    "id": 978,
    "productId": 130,
    "productName": "Highlighter Palette 250ml",
    "category": "Cosmetics",
    "date": "2025-08-28",
    "unitsSold": 3,
    "costPrice": 329,
    "salePrice": 483,
    "totalRevenue": 1449,
    "totalCost": 987,
    "profit": 462
  },
  {
    "id": 979,
    "productId": 51,
    "productName": "Oil-Free Moisturizer 30ml",
    "category": "Skincare",
    "date": "2025-08-05",
    "unitsSold": 7,
    "costPrice": 387,
    "salePrice": 506,
    "totalRevenue": 3542,
    "totalCost": 2709,
    "profit": 833
  },
  {
    "id": 980,
    "productId": 22,
    "productName": "Face Oil 50ml",
    "category": "Skincare",
    "date": "2025-08-02",
    "unitsSold": 1,
    "costPrice": 345,
    "salePrice": 449,
    "totalRevenue": 449,
    "totalCost": 345,
    "profit": 104
  },
  {
    "id": 981,
    "productId": 89,
    "productName": "Vitamin C Face Wash 1L",
    "category": "Skincare",
    "date": "2025-10-10",
    "unitsSold": 2,
    "costPrice": 706,
    "salePrice": 960,
    "totalRevenue": 1920,
    "totalCost": 1412,
    "profit": 508
  },
  {
    "id": 982,
    "productId": 184,
    "productName": "Protein Hair Mask 250ml",
    "category": "Haircare",
    "date": "2025-10-28",
    "unitsSold": 10,
    "costPrice": 630,
    "salePrice": 876,
    "totalRevenue": 8760,
    "totalCost": 6300,
    "profit": 2460
  },
  {
    "id": 983,
    "productId": 36,
    "productName": "Brightening Day Cream 200ml",
    "category": "Skincare",
    "date": "2025-08-07",
    "unitsSold": 2,
    "costPrice": 811,
    "salePrice": 1032,
    "totalRevenue": 2064,
    "totalCost": 1622,
    "profit": 442
  },
  {
    "id": 984,
    "productId": 44,
    "productName": "Hydrating Face Serum 200ml",
    "category": "Skincare",
    "date": "2025-08-16",
    "unitsSold": 8,
    "costPrice": 517,
    "salePrice": 704,
    "totalRevenue": 5632,
    "totalCost": 4136,
    "profit": 1496
  },
  {
    "id": 985,
    "productId": 105,
    "productName": "Lip Gloss 50ml",
    "category": "Cosmetics",
    "date": "2025-08-24",
    "unitsSold": 4,
    "costPrice": 331,
    "salePrice": 472,
    "totalRevenue": 1888,
    "totalCost": 1324,
    "profit": 564
  },
  {
    "id": 986,
    "productId": 103,
    "productName": "BB Cream 200ml",
    "category": "Cosmetics",
    "date": "2025-08-09",
    "unitsSold": 8,
    "costPrice": 626,
    "salePrice": 829,
    "totalRevenue": 6632,
    "totalCost": 5008,
    "profit": 1624
  },
  {
    "id": 987,
    "productId": 191,
    "productName": "Nourishing Hair Cream 250ml",
    "category": "Haircare",
    "date": "2025-08-18",
    "unitsSold": 3,
    "costPrice": 458,
    "salePrice": 608,
    "totalRevenue": 1824,
    "totalCost": 1374,
    "profit": 450
  },
  {
    "id": 988,
    "productId": 126,
    "productName": "Makeup Sponge 250ml",
    "category": "Cosmetics",
    "date": "2025-10-19",
    "unitsSold": 1,
    "costPrice": 626,
    "salePrice": 830,
    "totalRevenue": 830,
    "totalCost": 626,
    "profit": 204
  },
  {
    "id": 989,
    "productId": 142,
    "productName": "Kajal Pencil 50ml",
    "category": "Cosmetics",
    "date": "2025-08-08",
    "unitsSold": 1,
    "costPrice": 592,
    "salePrice": 856,
    "totalRevenue": 856,
    "totalCost": 592,
    "profit": 264
  },
  {
    "id": 990,
    "productId": 55,
    "productName": "Face Oil 30ml",
    "category": "Skincare",
    "date": "2025-10-02",
    "unitsSold": 9,
    "costPrice": 567,
    "salePrice": 751,
    "totalRevenue": 6759,
    "totalCost": 5103,
    "profit": 1656
  },
  {
    "id": 991,
    "productId": 197,
    "productName": "Hair Detangler Spray 1L",
    "category": "Haircare",
    "date": "2025-08-24",
    "unitsSold": 9,
    "costPrice": 325,
    "salePrice": 432,
    "totalRevenue": 3888,
    "totalCost": 2925,
    "profit": 963
  },
  {
    "id": 992,
    "productId": 85,
    "productName": "Gentle Toner 500ml",
    "category": "Skincare",
    "date": "2025-08-01",
    "unitsSold": 4,
    "costPrice": 498,
    "salePrice": 692,
    "totalRevenue": 2768,
    "totalCost": 1992,
    "profit": 776
  },
  {
    "id": 993,
    "productId": 153,
    "productName": "Brow Pencil 50ml",
    "category": "Cosmetics",
    "date": "2025-10-02",
    "unitsSold": 1,
    "costPrice": 271,
    "salePrice": 353,
    "totalRevenue": 353,
    "totalCost": 271,
    "profit": 82
  },
  {
    "id": 994,
    "productId": 198,
    "productName": "Protein Hair Mask 100ml",
    "category": "Haircare",
    "date": "2025-09-04",
    "unitsSold": 9,
    "costPrice": 855,
    "salePrice": 1123,
    "totalRevenue": 10107,
    "totalCost": 7695,
    "profit": 2412
  },
  {
    "id": 995,
    "productId": 182,
    "productName": "Color Protect Conditioner 200ml",
    "category": "Haircare",
    "date": "2025-09-29",
    "unitsSold": 8,
    "costPrice": 651,
    "salePrice": 899,
    "totalRevenue": 7192,
    "totalCost": 5208,
    "profit": 1984
  },
  {
    "id": 996,
    "productId": 58,
    "productName": "Vitamin C Face Wash 50ml",
    "category": "Skincare",
    "date": "2025-10-23",
    "unitsSold": 6,
    "costPrice": 156,
    "salePrice": 216,
    "totalRevenue": 1296,
    "totalCost": 936,
    "profit": 360
  },
  {
    "id": 997,
    "productId": 171,
    "productName": "Leave-In Conditioner 500ml",
    "category": "Haircare",
    "date": "2025-10-07",
    "unitsSold": 3,
    "costPrice": 453,
    "salePrice": 567,
    "totalRevenue": 1701,
    "totalCost": 1359,
    "profit": 342
  },
  {
    "id": 998,
    "productId": 52,
    "productName": "Under Eye Cream 200ml",
    "category": "Skincare",
    "date": "2025-08-03",
    "unitsSold": 3,
    "costPrice": 497,
    "salePrice": 669,
    "totalRevenue": 2007,
    "totalCost": 1491,
    "profit": 516
  },
  {
    "id": 999,
    "productId": 50,
    "productName": "Face Oil 100ml",
    "category": "Skincare",
    "date": "2025-09-03",
    "unitsSold": 1,
    "costPrice": 470,
    "salePrice": 653,
    "totalRevenue": 653,
    "totalCost": 470,
    "profit": 183
  },
  {
    "id": 1000,
    "productId": 38,
    "productName": "Acne Control Gel 500ml",
    "category": "Skincare",
    "date": "2025-09-08",
    "unitsSold": 7,
    "costPrice": 216,
    "salePrice": 312,
    "totalRevenue": 2184,
    "totalCost": 1512,
    "profit": 672
  },
  {
    "id": 1001,
    "productId": 53,
    "productName": "Nourishing Face Cream 100ml",
    "category": "Skincare",
    "date": "2025-09-29",
    "unitsSold": 10,
    "costPrice": 450,
    "salePrice": 583,
    "totalRevenue": 5830,
    "totalCost": 4500,
    "profit": 1330
  },
  {
    "id": 1002,
    "productId": 55,
    "productName": "Face Oil 30ml",
    "category": "Skincare",
    "date": "2025-08-02",
    "unitsSold": 3,
    "costPrice": 567,
    "salePrice": 751,
    "totalRevenue": 2253,
    "totalCost": 1701,
    "profit": 552
  },
  {
    "id": 1003,
    "productId": 137,
    "productName": "Concealer Stick 500ml",
    "category": "Cosmetics",
    "date": "2025-08-25",
    "unitsSold": 9,
    "costPrice": 200,
    "salePrice": 274,
    "totalRevenue": 2466,
    "totalCost": 1800,
    "profit": 666
  },
  {
    "id": 1004,
    "productId": 102,
    "productName": "Concealer Stick 50ml",
    "category": "Cosmetics",
    "date": "2025-10-15",
    "unitsSold": 5,
    "costPrice": 171,
    "salePrice": 235,
    "totalRevenue": 1175,
    "totalCost": 855,
    "profit": 320
  },
  {
    "id": 1005,
    "productId": 96,
    "productName": "Highlighter Palette 500ml",
    "category": "Cosmetics",
    "date": "2025-09-03",
    "unitsSold": 4,
    "costPrice": 407,
    "salePrice": 546,
    "totalRevenue": 2184,
    "totalCost": 1628,
    "profit": 556
  },
  {
    "id": 1006,
    "productId": 101,
    "productName": "Setting Spray 100ml",
    "category": "Cosmetics",
    "date": "2025-09-01",
    "unitsSold": 9,
    "costPrice": 313,
    "salePrice": 411,
    "totalRevenue": 3699,
    "totalCost": 2817,
    "profit": 882
  },
  {
    "id": 1007,
    "productId": 157,
    "productName": "Lip Gloss 50ml",
    "category": "Cosmetics",
    "date": "2025-10-06",
    "unitsSold": 4,
    "costPrice": 410,
    "salePrice": 585,
    "totalRevenue": 2340,
    "totalCost": 1640,
    "profit": 700
  },
  {
    "id": 1008,
    "productId": 150,
    "productName": "Makeup Remover 200ml",
    "category": "Cosmetics",
    "date": "2025-09-25",
    "unitsSold": 3,
    "costPrice": 158,
    "salePrice": 220,
    "totalRevenue": 660,
    "totalCost": 474,
    "profit": 186
  },
  {
    "id": 1009,
    "productId": 120,
    "productName": "Setting Spray 100ml",
    "category": "Cosmetics",
    "date": "2025-08-22",
    "unitsSold": 5,
    "costPrice": 672,
    "salePrice": 937,
    "totalRevenue": 4685,
    "totalCost": 3360,
    "profit": 1325
  },
  {
    "id": 1010,
    "productId": 1,
    "productName": "Exfoliating Scrub 500ml",
    "category": "Skincare",
    "date": "2025-08-21",
    "unitsSold": 10,
    "costPrice": 181,
    "salePrice": 249,
    "totalRevenue": 2490,
    "totalCost": 1810,
    "profit": 680
  },
  {
    "id": 1011,
    "productId": 27,
    "productName": "Hydrating Face Serum 250ml",
    "category": "Skincare",
    "date": "2025-10-17",
    "unitsSold": 9,
    "costPrice": 491,
    "salePrice": 666,
    "totalRevenue": 5994,
    "totalCost": 4419,
    "profit": 1575
  },
  {
    "id": 1012,
    "productId": 170,
    "productName": "Color Protect Conditioner 50ml",
    "category": "Haircare",
    "date": "2025-10-17",
    "unitsSold": 8,
    "costPrice": 260,
    "salePrice": 354,
    "totalRevenue": 2832,
    "totalCost": 2080,
    "profit": 752
  },
  {
    "id": 1013,
    "productId": 4,
    "productName": "Aloe Vera Moisturizer 100ml",
    "category": "Skincare",
    "date": "2025-09-04",
    "unitsSold": 2,
    "costPrice": 403,
    "salePrice": 528,
    "totalRevenue": 1056,
    "totalCost": 806,
    "profit": 250
  },
  {
    "id": 1014,
    "productId": 30,
    "productName": "Anti-Aging Night Cream 500ml",
    "category": "Skincare",
    "date": "2025-09-13",
    "unitsSold": 5,
    "costPrice": 899,
    "salePrice": 1205,
    "totalRevenue": 6025,
    "totalCost": 4495,
    "profit": 1530
  },
  {
    "id": 1015,
    "productId": 52,
    "productName": "Under Eye Cream 200ml",
    "category": "Skincare",
    "date": "2025-08-15",
    "unitsSold": 9,
    "costPrice": 497,
    "salePrice": 669,
    "totalRevenue": 6021,
    "totalCost": 4473,
    "profit": 1548
  },
  {
    "id": 1016,
    "productId": 152,
    "productName": "Blush Powder 30ml",
    "category": "Cosmetics",
    "date": "2025-08-23",
    "unitsSold": 7,
    "costPrice": 469,
    "salePrice": 668,
    "totalRevenue": 4676,
    "totalCost": 3283,
    "profit": 1393
  },
  {
    "id": 1017,
    "productId": 50,
    "productName": "Face Oil 100ml",
    "category": "Skincare",
    "date": "2025-10-30",
    "unitsSold": 1,
    "costPrice": 470,
    "salePrice": 653,
    "totalRevenue": 653,
    "totalCost": 470,
    "profit": 183
  },
  {
    "id": 1018,
    "productId": 59,
    "productName": "Clay Mask 100ml",
    "category": "Skincare",
    "date": "2025-10-26",
    "unitsSold": 7,
    "costPrice": 755,
    "salePrice": 955,
    "totalRevenue": 6685,
    "totalCost": 5285,
    "profit": 1400
  },
  {
    "id": 1019,
    "productId": 4,
    "productName": "Aloe Vera Moisturizer 100ml",
    "category": "Skincare",
    "date": "2025-08-28",
    "unitsSold": 5,
    "costPrice": 403,
    "salePrice": 528,
    "totalRevenue": 2640,
    "totalCost": 2015,
    "profit": 625
  },
  {
    "id": 1020,
    "productId": 117,
    "productName": "Compact Powder 30ml",
    "category": "Cosmetics",
    "date": "2025-10-09",
    "unitsSold": 5,
    "costPrice": 457,
    "salePrice": 665,
    "totalRevenue": 3325,
    "totalCost": 2285,
    "profit": 1040
  },
  {
    "id": 1021,
    "productId": 165,
    "productName": "Argan Hair Oil 1L",
    "category": "Haircare",
    "date": "2025-10-11",
    "unitsSold": 10,
    "costPrice": 145,
    "salePrice": 197,
    "totalRevenue": 1970,
    "totalCost": 1450,
    "profit": 520
  },
  {
    "id": 1022,
    "productId": 26,
    "productName": "Under Eye Cream 1L",
    "category": "Skincare",
    "date": "2025-08-17",
    "unitsSold": 3,
    "costPrice": 178,
    "salePrice": 226,
    "totalRevenue": 678,
    "totalCost": 534,
    "profit": 144
  },
  {
    "id": 1023,
    "productId": 160,
    "productName": "Liquid Eyeliner 30ml",
    "category": "Cosmetics",
    "date": "2025-09-23",
    "unitsSold": 3,
    "costPrice": 527,
    "salePrice": 769,
    "totalRevenue": 2307,
    "totalCost": 1581,
    "profit": 726
  },
  {
    "id": 1024,
    "productId": 57,
    "productName": "Anti-Aging Night Cream 100ml",
    "category": "Skincare",
    "date": "2025-08-12",
    "unitsSold": 3,
    "costPrice": 492,
    "salePrice": 702,
    "totalRevenue": 2106,
    "totalCost": 1476,
    "profit": 630
  },
  {
    "id": 1025,
    "productId": 74,
    "productName": "Under Eye Cream 1L",
    "category": "Skincare",
    "date": "2025-08-23",
    "unitsSold": 7,
    "costPrice": 279,
    "salePrice": 377,
    "totalRevenue": 2639,
    "totalCost": 1953,
    "profit": 686
  },
  {
    "id": 1026,
    "productId": 59,
    "productName": "Clay Mask 100ml",
    "category": "Skincare",
    "date": "2025-09-06",
    "unitsSold": 7,
    "costPrice": 755,
    "salePrice": 955,
    "totalRevenue": 6685,
    "totalCost": 5285,
    "profit": 1400
  },
  {
    "id": 1027,
    "productId": 164,
    "productName": "Hair Strengthening Conditioner 250ml",
    "category": "Haircare",
    "date": "2025-09-24",
    "unitsSold": 6,
    "costPrice": 356,
    "salePrice": 471,
    "totalRevenue": 2826,
    "totalCost": 2136,
    "profit": 690
  },
  {
    "id": 1028,
    "productId": 68,
    "productName": "Aloe Vera Moisturizer 500ml",
    "category": "Skincare",
    "date": "2025-09-18",
    "unitsSold": 10,
    "costPrice": 156,
    "salePrice": 222,
    "totalRevenue": 2220,
    "totalCost": 1560,
    "profit": 660
  },
  {
    "id": 1029,
    "productId": 179,
    "productName": "Argan Hair Oil 200ml",
    "category": "Haircare",
    "date": "2025-09-10",
    "unitsSold": 10,
    "costPrice": 649,
    "salePrice": 866,
    "totalRevenue": 8660,
    "totalCost": 6490,
    "profit": 2170
  },
  {
    "id": 1030,
    "productId": 63,
    "productName": "Vitamin C Face Wash 250ml",
    "category": "Skincare",
    "date": "2025-08-14",
    "unitsSold": 5,
    "costPrice": 435,
    "salePrice": 618,
    "totalRevenue": 3090,
    "totalCost": 2175,
    "profit": 915
  },
  {
    "id": 1031,
    "productId": 170,
    "productName": "Color Protect Conditioner 50ml",
    "category": "Haircare",
    "date": "2025-09-07",
    "unitsSold": 5,
    "costPrice": 260,
    "salePrice": 354,
    "totalRevenue": 1770,
    "totalCost": 1300,
    "profit": 470
  },
  {
    "id": 1032,
    "productId": 75,
    "productName": "Hyaluronic Acid Serum 1L",
    "category": "Skincare",
    "date": "2025-09-17",
    "unitsSold": 2,
    "costPrice": 887,
    "salePrice": 1151,
    "totalRevenue": 2302,
    "totalCost": 1774,
    "profit": 528
  },
  {
    "id": 1033,
    "productId": 186,
    "productName": "Anti-Dandruff Shampoo 1L",
    "category": "Haircare",
    "date": "2025-08-01",
    "unitsSold": 9,
    "costPrice": 945,
    "salePrice": 1199,
    "totalRevenue": 10791,
    "totalCost": 8505,
    "profit": 2286
  },
  {
    "id": 1034,
    "productId": 82,
    "productName": "Nourishing Face Cream 1L",
    "category": "Skincare",
    "date": "2025-09-20",
    "unitsSold": 8,
    "costPrice": 715,
    "salePrice": 966,
    "totalRevenue": 7728,
    "totalCost": 5720,
    "profit": 2008
  },
  {
    "id": 1035,
    "productId": 16,
    "productName": "Rose Water Toner 50ml",
    "category": "Skincare",
    "date": "2025-09-25",
    "unitsSold": 5,
    "costPrice": 734,
    "salePrice": 1012,
    "totalRevenue": 5060,
    "totalCost": 3670,
    "profit": 1390
  },
  {
    "id": 1036,
    "productId": 3,
    "productName": "Under Eye Cream 100ml",
    "category": "Skincare",
    "date": "2025-10-18",
    "unitsSold": 5,
    "costPrice": 877,
    "salePrice": 1146,
    "totalRevenue": 5730,
    "totalCost": 4385,
    "profit": 1345
  },
  {
    "id": 1037,
    "productId": 199,
    "productName": "Hair Styling Gel 200ml",
    "category": "Haircare",
    "date": "2025-09-03",
    "unitsSold": 6,
    "costPrice": 553,
    "salePrice": 719,
    "totalRevenue": 4314,
    "totalCost": 3318,
    "profit": 996
  },
  {
    "id": 1038,
    "productId": 112,
    "productName": "Primer Cream 50ml",
    "category": "Cosmetics",
    "date": "2025-10-15",
    "unitsSold": 3,
    "costPrice": 614,
    "salePrice": 873,
    "totalRevenue": 2619,
    "totalCost": 1842,
    "profit": 777
  },
  {
    "id": 1039,
    "productId": 79,
    "productName": "Brightening Day Cream 1L",
    "category": "Skincare",
    "date": "2025-10-12",
    "unitsSold": 8,
    "costPrice": 531,
    "salePrice": 732,
    "totalRevenue": 5856,
    "totalCost": 4248,
    "profit": 1608
  },
  {
    "id": 1040,
    "productId": 67,
    "productName": "Exfoliating Scrub 30ml",
    "category": "Skincare",
    "date": "2025-10-23",
    "unitsSold": 4,
    "costPrice": 318,
    "salePrice": 460,
    "totalRevenue": 1840,
    "totalCost": 1272,
    "profit": 568
  },
  {
    "id": 1041,
    "productId": 199,
    "productName": "Hair Styling Gel 200ml",
    "category": "Haircare",
    "date": "2025-08-19",
    "unitsSold": 10,
    "costPrice": 553,
    "salePrice": 719,
    "totalRevenue": 7190,
    "totalCost": 5530,
    "profit": 1660
  },
  {
    "id": 1042,
    "productId": 179,
    "productName": "Argan Hair Oil 200ml",
    "category": "Haircare",
    "date": "2025-09-21",
    "unitsSold": 5,
    "costPrice": 649,
    "salePrice": 866,
    "totalRevenue": 4330,
    "totalCost": 3245,
    "profit": 1085
  },
  {
    "id": 1043,
    "productId": 134,
    "productName": "Foundation Liquid 50ml",
    "category": "Cosmetics",
    "date": "2025-08-21",
    "unitsSold": 5,
    "costPrice": 180,
    "salePrice": 237,
    "totalRevenue": 1185,
    "totalCost": 900,
    "profit": 285
  },
  {
    "id": 1044,
    "productId": 11,
    "productName": "Sunscreen SPF 50 250ml",
    "category": "Skincare",
    "date": "2025-10-29",
    "unitsSold": 3,
    "costPrice": 617,
    "salePrice": 788,
    "totalRevenue": 2364,
    "totalCost": 1851,
    "profit": 513
  },
  {
    "id": 1045,
    "productId": 197,
    "productName": "Hair Detangler Spray 1L",
    "category": "Haircare",
    "date": "2025-09-23",
    "unitsSold": 1,
    "costPrice": 325,
    "salePrice": 432,
    "totalRevenue": 432,
    "totalCost": 325,
    "profit": 107
  },
  {
    "id": 1046,
    "productId": 92,
    "productName": "Brow Pencil 30ml",
    "category": "Cosmetics",
    "date": "2025-08-13",
    "unitsSold": 6,
    "costPrice": 561,
    "salePrice": 761,
    "totalRevenue": 4566,
    "totalCost": 3366,
    "profit": 1200
  },
  {
    "id": 1047,
    "productId": 187,
    "productName": "Hair Detangler Spray 500ml",
    "category": "Haircare",
    "date": "2025-09-23",
    "unitsSold": 3,
    "costPrice": 583,
    "salePrice": 758,
    "totalRevenue": 2274,
    "totalCost": 1749,
    "profit": 525
  },
  {
    "id": 1048,
    "productId": 43,
    "productName": "Brightening Day Cream 1L",
    "category": "Skincare",
    "date": "2025-08-18",
    "unitsSold": 10,
    "costPrice": 365,
    "salePrice": 486,
    "totalRevenue": 4860,
    "totalCost": 3650,
    "profit": 1210
  },
  {
    "id": 1049,
    "productId": 100,
    "productName": "Lip Liner 50ml",
    "category": "Cosmetics",
    "date": "2025-10-03",
    "unitsSold": 10,
    "costPrice": 193,
    "salePrice": 262,
    "totalRevenue": 2620,
    "totalCost": 1930,
    "profit": 690
  },
  {
    "id": 1050,
    "productId": 65,
    "productName": "Rose Water Toner 200ml",
    "category": "Skincare",
    "date": "2025-10-07",
    "unitsSold": 1,
    "costPrice": 886,
    "salePrice": 1191,
    "totalRevenue": 1191,
    "totalCost": 886,
    "profit": 305
  },
  {
    "id": 1051,
    "productId": 60,
    "productName": "Brightening Day Cream 200ml",
    "category": "Skincare",
    "date": "2025-09-17",
    "unitsSold": 8,
    "costPrice": 261,
    "salePrice": 378,
    "totalRevenue": 3024,
    "totalCost": 2088,
    "profit": 936
  },
  {
    "id": 1052,
    "productId": 7,
    "productName": "Peel Off Mask 250ml",
    "category": "Skincare",
    "date": "2025-08-29",
    "unitsSold": 9,
    "costPrice": 279,
    "salePrice": 385,
    "totalRevenue": 3465,
    "totalCost": 2511,
    "profit": 954
  },
  {
    "id": 1053,
    "productId": 194,
    "productName": "Repair Oil Blend 100ml",
    "category": "Haircare",
    "date": "2025-08-11",
    "unitsSold": 1,
    "costPrice": 419,
    "salePrice": 549,
    "totalRevenue": 549,
    "totalCost": 419,
    "profit": 130
  },
  {
    "id": 1054,
    "productId": 69,
    "productName": "Under Eye Cream 50ml",
    "category": "Skincare",
    "date": "2025-10-14",
    "unitsSold": 10,
    "costPrice": 427,
    "salePrice": 545,
    "totalRevenue": 5450,
    "totalCost": 4270,
    "profit": 1180
  },
  {
    "id": 1055,
    "productId": 1,
    "productName": "Exfoliating Scrub 500ml",
    "category": "Skincare",
    "date": "2025-10-12",
    "unitsSold": 6,
    "costPrice": 181,
    "salePrice": 249,
    "totalRevenue": 1494,
    "totalCost": 1086,
    "profit": 408
  },
  {
    "id": 1056,
    "productId": 126,
    "productName": "Makeup Sponge 250ml",
    "category": "Cosmetics",
    "date": "2025-10-05",
    "unitsSold": 9,
    "costPrice": 626,
    "salePrice": 830,
    "totalRevenue": 7470,
    "totalCost": 5634,
    "profit": 1836
  },
  {
    "id": 1057,
    "productId": 103,
    "productName": "BB Cream 200ml",
    "category": "Cosmetics",
    "date": "2025-08-29",
    "unitsSold": 9,
    "costPrice": 626,
    "salePrice": 829,
    "totalRevenue": 7461,
    "totalCost": 5634,
    "profit": 1827
  },
  {
    "id": 1058,
    "productId": 87,
    "productName": "Acne Control Gel 1L",
    "category": "Skincare",
    "date": "2025-10-21",
    "unitsSold": 4,
    "costPrice": 675,
    "salePrice": 938,
    "totalRevenue": 3752,
    "totalCost": 2700,
    "profit": 1052
  },
  {
    "id": 1059,
    "productId": 43,
    "productName": "Brightening Day Cream 1L",
    "category": "Skincare",
    "date": "2025-09-02",
    "unitsSold": 8,
    "costPrice": 365,
    "salePrice": 486,
    "totalRevenue": 3888,
    "totalCost": 2920,
    "profit": 968
  },
  {
    "id": 1060,
    "productId": 121,
    "productName": "Lip Liner 100ml",
    "category": "Cosmetics",
    "date": "2025-10-03",
    "unitsSold": 1,
    "costPrice": 252,
    "salePrice": 357,
    "totalRevenue": 357,
    "totalCost": 252,
    "profit": 105
  },
  {
    "id": 1061,
    "productId": 177,
    "productName": "Volumizing Shampoo 50ml",
    "category": "Haircare",
    "date": "2025-08-30",
    "unitsSold": 7,
    "costPrice": 773,
    "salePrice": 982,
    "totalRevenue": 6874,
    "totalCost": 5411,
    "profit": 1463
  },
  {
    "id": 1062,
    "productId": 178,
    "productName": "Curl Defining Cream 200ml",
    "category": "Haircare",
    "date": "2025-08-26",
    "unitsSold": 1,
    "costPrice": 347,
    "salePrice": 450,
    "totalRevenue": 450,
    "totalCost": 347,
    "profit": 103
  },
  {
    "id": 1063,
    "productId": 156,
    "productName": "Kajal Pencil 500ml",
    "category": "Cosmetics",
    "date": "2025-10-09",
    "unitsSold": 8,
    "costPrice": 420,
    "salePrice": 598,
    "totalRevenue": 4784,
    "totalCost": 3360,
    "profit": 1424
  },
  {
    "id": 1064,
    "productId": 62,
    "productName": "Gentle Toner 1L",
    "category": "Skincare",
    "date": "2025-10-10",
    "unitsSold": 4,
    "costPrice": 624,
    "salePrice": 878,
    "totalRevenue": 3512,
    "totalCost": 2496,
    "profit": 1016
  },
  {
    "id": 1065,
    "productId": 48,
    "productName": "Exfoliating Scrub 200ml",
    "category": "Skincare",
    "date": "2025-08-15",
    "unitsSold": 3,
    "costPrice": 680,
    "salePrice": 923,
    "totalRevenue": 2769,
    "totalCost": 2040,
    "profit": 729
  },
  {
    "id": 1066,
    "productId": 11,
    "productName": "Sunscreen SPF 50 250ml",
    "category": "Skincare",
    "date": "2025-10-17",
    "unitsSold": 3,
    "costPrice": 617,
    "salePrice": 788,
    "totalRevenue": 2364,
    "totalCost": 1851,
    "profit": 513
  },
  {
    "id": 1067,
    "productId": 144,
    "productName": "Contour Stick 1L",
    "category": "Cosmetics",
    "date": "2025-10-24",
    "unitsSold": 1,
    "costPrice": 540,
    "salePrice": 802,
    "totalRevenue": 802,
    "totalCost": 540,
    "profit": 262
  },
  {
    "id": 1068,
    "productId": 47,
    "productName": "Brightening Day Cream 50ml",
    "category": "Skincare",
    "date": "2025-10-08",
    "unitsSold": 3,
    "costPrice": 746,
    "salePrice": 993,
    "totalRevenue": 2979,
    "totalCost": 2238,
    "profit": 741
  },
  {
    "id": 1069,
    "productId": 2,
    "productName": "Charcoal Face Mask 200ml",
    "category": "Skincare",
    "date": "2025-09-16",
    "unitsSold": 3,
    "costPrice": 307,
    "salePrice": 440,
    "totalRevenue": 1320,
    "totalCost": 921,
    "profit": 399
  },
  {
    "id": 1070,
    "productId": 169,
    "productName": "Hair Detangler Spray 250ml",
    "category": "Haircare",
    "date": "2025-09-30",
    "unitsSold": 7,
    "costPrice": 879,
    "salePrice": 1183,
    "totalRevenue": 8281,
    "totalCost": 6153,
    "profit": 2128
  },
  {
    "id": 1071,
    "productId": 48,
    "productName": "Exfoliating Scrub 200ml",
    "category": "Skincare",
    "date": "2025-10-06",
    "unitsSold": 1,
    "costPrice": 680,
    "salePrice": 923,
    "totalRevenue": 923,
    "totalCost": 680,
    "profit": 243
  },
  {
    "id": 1072,
    "productId": 128,
    "productName": "Kajal Pencil 200ml",
    "category": "Cosmetics",
    "date": "2025-09-05",
    "unitsSold": 2,
    "costPrice": 169,
    "salePrice": 233,
    "totalRevenue": 466,
    "totalCost": 338,
    "profit": 128
  },
  {
    "id": 1073,
    "productId": 167,
    "productName": "Nourishing Hair Cream 30ml",
    "category": "Haircare",
    "date": "2025-08-05",
    "unitsSold": 6,
    "costPrice": 242,
    "salePrice": 337,
    "totalRevenue": 2022,
    "totalCost": 1452,
    "profit": 570
  },
  {
    "id": 1074,
    "productId": 152,
    "productName": "Blush Powder 30ml",
    "category": "Cosmetics",
    "date": "2025-09-12",
    "unitsSold": 2,
    "costPrice": 469,
    "salePrice": 668,
    "totalRevenue": 1336,
    "totalCost": 938,
    "profit": 398
  },
  {
    "id": 1075,
    "productId": 15,
    "productName": "Face Cleanser 30ml",
    "category": "Skincare",
    "date": "2025-10-21",
    "unitsSold": 8,
    "costPrice": 687,
    "salePrice": 959,
    "totalRevenue": 7672,
    "totalCost": 5496,
    "profit": 2176
  },
  {
    "id": 1076,
    "productId": 167,
    "productName": "Nourishing Hair Cream 30ml",
    "category": "Haircare",
    "date": "2025-09-01",
    "unitsSold": 2,
    "costPrice": 242,
    "salePrice": 337,
    "totalRevenue": 674,
    "totalCost": 484,
    "profit": 190
  },
  {
    "id": 1077,
    "productId": 41,
    "productName": "Acne Control Gel 100ml",
    "category": "Skincare",
    "date": "2025-08-27",
    "unitsSold": 4,
    "costPrice": 374,
    "salePrice": 537,
    "totalRevenue": 2148,
    "totalCost": 1496,
    "profit": 652
  },
  {
    "id": 1078,
    "productId": 92,
    "productName": "Brow Pencil 30ml",
    "category": "Cosmetics",
    "date": "2025-08-30",
    "unitsSold": 2,
    "costPrice": 561,
    "salePrice": 761,
    "totalRevenue": 1522,
    "totalCost": 1122,
    "profit": 400
  },
  {
    "id": 1079,
    "productId": 25,
    "productName": "Peel Off Mask 200ml",
    "category": "Skincare",
    "date": "2025-08-27",
    "unitsSold": 3,
    "costPrice": 504,
    "salePrice": 670,
    "totalRevenue": 2010,
    "totalCost": 1512,
    "profit": 498
  },
  {
    "id": 1080,
    "productId": 95,
    "productName": "Foundation Liquid 30ml",
    "category": "Cosmetics",
    "date": "2025-08-25",
    "unitsSold": 7,
    "costPrice": 437,
    "salePrice": 584,
    "totalRevenue": 4088,
    "totalCost": 3059,
    "profit": 1029
  },
  {
    "id": 1081,
    "productId": 95,
    "productName": "Foundation Liquid 30ml",
    "category": "Cosmetics",
    "date": "2025-10-24",
    "unitsSold": 9,
    "costPrice": 437,
    "salePrice": 584,
    "totalRevenue": 5256,
    "totalCost": 3933,
    "profit": 1323
  },
  {
    "id": 1082,
    "productId": 3,
    "productName": "Under Eye Cream 100ml",
    "category": "Skincare",
    "date": "2025-09-29",
    "unitsSold": 4,
    "costPrice": 877,
    "salePrice": 1146,
    "totalRevenue": 4584,
    "totalCost": 3508,
    "profit": 1076
  },
  {
    "id": 1083,
    "productId": 196,
    "productName": "Repair Oil Blend 200ml",
    "category": "Haircare",
    "date": "2025-10-28",
    "unitsSold": 3,
    "costPrice": 908,
    "salePrice": 1194,
    "totalRevenue": 3582,
    "totalCost": 2724,
    "profit": 858
  },
  {
    "id": 1084,
    "productId": 140,
    "productName": "Compact Powder 250ml",
    "category": "Cosmetics",
    "date": "2025-09-16",
    "unitsSold": 5,
    "costPrice": 227,
    "salePrice": 300,
    "totalRevenue": 1500,
    "totalCost": 1135,
    "profit": 365
  },
  {
    "id": 1085,
    "productId": 55,
    "productName": "Face Oil 30ml",
    "category": "Skincare",
    "date": "2025-09-24",
    "unitsSold": 2,
    "costPrice": 567,
    "salePrice": 751,
    "totalRevenue": 1502,
    "totalCost": 1134,
    "profit": 368
  },
  {
    "id": 1086,
    "productId": 47,
    "productName": "Brightening Day Cream 50ml",
    "category": "Skincare",
    "date": "2025-08-09",
    "unitsSold": 1,
    "costPrice": 746,
    "salePrice": 993,
    "totalRevenue": 993,
    "totalCost": 746,
    "profit": 247
  },
  {
    "id": 1087,
    "productId": 17,
    "productName": "Exfoliating Scrub 50ml",
    "category": "Skincare",
    "date": "2025-10-24",
    "unitsSold": 7,
    "costPrice": 393,
    "salePrice": 512,
    "totalRevenue": 3584,
    "totalCost": 2751,
    "profit": 833
  },
  {
    "id": 1088,
    "productId": 43,
    "productName": "Brightening Day Cream 1L",
    "category": "Skincare",
    "date": "2025-09-04",
    "unitsSold": 3,
    "costPrice": 365,
    "salePrice": 486,
    "totalRevenue": 1458,
    "totalCost": 1095,
    "profit": 363
  },
  {
    "id": 1089,
    "productId": 179,
    "productName": "Argan Hair Oil 200ml",
    "category": "Haircare",
    "date": "2025-09-24",
    "unitsSold": 9,
    "costPrice": 649,
    "salePrice": 866,
    "totalRevenue": 7794,
    "totalCost": 5841,
    "profit": 1953
  },
  {
    "id": 1090,
    "productId": 39,
    "productName": "Face Cleanser 50ml",
    "category": "Skincare",
    "date": "2025-10-10",
    "unitsSold": 2,
    "costPrice": 261,
    "salePrice": 376,
    "totalRevenue": 752,
    "totalCost": 522,
    "profit": 230
  },
  {
    "id": 1091,
    "productId": 3,
    "productName": "Under Eye Cream 100ml",
    "category": "Skincare",
    "date": "2025-09-14",
    "unitsSold": 8,
    "costPrice": 877,
    "salePrice": 1146,
    "totalRevenue": 9168,
    "totalCost": 7016,
    "profit": 2152
  },
  {
    "id": 1092,
    "productId": 124,
    "productName": "BB Cream 30ml",
    "category": "Cosmetics",
    "date": "2025-09-25",
    "unitsSold": 6,
    "costPrice": 509,
    "salePrice": 697,
    "totalRevenue": 4182,
    "totalCost": 3054,
    "profit": 1128
  },
  {
    "id": 1093,
    "productId": 141,
    "productName": "Makeup Remover 100ml",
    "category": "Cosmetics",
    "date": "2025-10-25",
    "unitsSold": 7,
    "costPrice": 532,
    "salePrice": 727,
    "totalRevenue": 5089,
    "totalCost": 3724,
    "profit": 1365
  },
  {
    "id": 1094,
    "productId": 133,
    "productName": "Eyeshadow Palette 50ml",
    "category": "Cosmetics",
    "date": "2025-10-28",
    "unitsSold": 8,
    "costPrice": 601,
    "salePrice": 868,
    "totalRevenue": 6944,
    "totalCost": 4808,
    "profit": 2136
  },
  {
    "id": 1095,
    "productId": 79,
    "productName": "Brightening Day Cream 1L",
    "category": "Skincare",
    "date": "2025-08-09",
    "unitsSold": 10,
    "costPrice": 531,
    "salePrice": 732,
    "totalRevenue": 7320,
    "totalCost": 5310,
    "profit": 2010
  },
  {
    "id": 1096,
    "productId": 192,
    "productName": "Hair Growth Serum 500ml",
    "category": "Haircare",
    "date": "2025-09-24",
    "unitsSold": 5,
    "costPrice": 406,
    "salePrice": 512,
    "totalRevenue": 2560,
    "totalCost": 2030,
    "profit": 530
  },
  {
    "id": 1097,
    "productId": 38,
    "productName": "Acne Control Gel 500ml",
    "category": "Skincare",
    "date": "2025-10-05",
    "unitsSold": 4,
    "costPrice": 216,
    "salePrice": 312,
    "totalRevenue": 1248,
    "totalCost": 864,
    "profit": 384
  },
  {
    "id": 1098,
    "productId": 93,
    "productName": "Tinted Lip Balm 30ml",
    "category": "Cosmetics",
    "date": "2025-08-02",
    "unitsSold": 4,
    "costPrice": 514,
    "salePrice": 688,
    "totalRevenue": 2752,
    "totalCost": 2056,
    "profit": 696
  },
  {
    "id": 1099,
    "productId": 27,
    "productName": "Hydrating Face Serum 250ml",
    "category": "Skincare",
    "date": "2025-09-24",
    "unitsSold": 2,
    "costPrice": 491,
    "salePrice": 666,
    "totalRevenue": 1332,
    "totalCost": 982,
    "profit": 350
  },
  {
    "id": 1100,
    "productId": 120,
    "productName": "Setting Spray 100ml",
    "category": "Cosmetics",
    "date": "2025-08-10",
    "unitsSold": 1,
    "costPrice": 672,
    "salePrice": 937,
    "totalRevenue": 937,
    "totalCost": 672,
    "profit": 265
  },
  {
    "id": 1101,
    "productId": 138,
    "productName": "Liquid Eyeliner 250ml",
    "category": "Cosmetics",
    "date": "2025-10-23",
    "unitsSold": 2,
    "costPrice": 425,
    "salePrice": 595,
    "totalRevenue": 1190,
    "totalCost": 850,
    "profit": 340
  },
  {
    "id": 1102,
    "productId": 38,
    "productName": "Acne Control Gel 500ml",
    "category": "Skincare",
    "date": "2025-08-20",
    "unitsSold": 9,
    "costPrice": 216,
    "salePrice": 312,
    "totalRevenue": 2808,
    "totalCost": 1944,
    "profit": 864
  },
  {
    "id": 1103,
    "productId": 134,
    "productName": "Foundation Liquid 50ml",
    "category": "Cosmetics",
    "date": "2025-09-08",
    "unitsSold": 5,
    "costPrice": 180,
    "salePrice": 237,
    "totalRevenue": 1185,
    "totalCost": 900,
    "profit": 285
  },
  {
    "id": 1104,
    "productId": 16,
    "productName": "Rose Water Toner 50ml",
    "category": "Skincare",
    "date": "2025-09-30",
    "unitsSold": 7,
    "costPrice": 734,
    "salePrice": 1012,
    "totalRevenue": 7084,
    "totalCost": 5138,
    "profit": 1946
  },
  {
    "id": 1105,
    "productId": 64,
    "productName": "Brightening Day Cream 100ml",
    "category": "Skincare",
    "date": "2025-08-15",
    "unitsSold": 2,
    "costPrice": 251,
    "salePrice": 339,
    "totalRevenue": 678,
    "totalCost": 502,
    "profit": 176
  },
  {
    "id": 1106,
    "productId": 60,
    "productName": "Brightening Day Cream 200ml",
    "category": "Skincare",
    "date": "2025-09-04",
    "unitsSold": 7,
    "costPrice": 261,
    "salePrice": 378,
    "totalRevenue": 2646,
    "totalCost": 1827,
    "profit": 819
  },
  {
    "id": 1107,
    "productId": 182,
    "productName": "Color Protect Conditioner 200ml",
    "category": "Haircare",
    "date": "2025-09-02",
    "unitsSold": 7,
    "costPrice": 651,
    "salePrice": 899,
    "totalRevenue": 6293,
    "totalCost": 4557,
    "profit": 1736
  },
  {
    "id": 1108,
    "productId": 148,
    "productName": "Primer Cream 100ml",
    "category": "Cosmetics",
    "date": "2025-09-06",
    "unitsSold": 4,
    "costPrice": 111,
    "salePrice": 147,
    "totalRevenue": 588,
    "totalCost": 444,
    "profit": 144
  },
  {
    "id": 1109,
    "productId": 127,
    "productName": "Foundation Liquid 50ml",
    "category": "Cosmetics",
    "date": "2025-08-23",
    "unitsSold": 5,
    "costPrice": 288,
    "salePrice": 375,
    "totalRevenue": 1875,
    "totalCost": 1440,
    "profit": 435
  },
  {
    "id": 1110,
    "productId": 173,
    "productName": "Color Protect Conditioner 1L",
    "category": "Haircare",
    "date": "2025-09-08",
    "unitsSold": 5,
    "costPrice": 924,
    "salePrice": 1191,
    "totalRevenue": 5955,
    "totalCost": 4620,
    "profit": 1335
  },
  {
    "id": 1111,
    "productId": 179,
    "productName": "Argan Hair Oil 200ml",
    "category": "Haircare",
    "date": "2025-09-17",
    "unitsSold": 3,
    "costPrice": 649,
    "salePrice": 866,
    "totalRevenue": 2598,
    "totalCost": 1947,
    "profit": 651
  },
  {
    "id": 1112,
    "productId": 98,
    "productName": "BB Cream 50ml",
    "category": "Cosmetics",
    "date": "2025-09-14",
    "unitsSold": 8,
    "costPrice": 408,
    "salePrice": 575,
    "totalRevenue": 4600,
    "totalCost": 3264,
    "profit": 1336
  },
  {
    "id": 1113,
    "productId": 6,
    "productName": "Sunscreen SPF 50 200ml",
    "category": "Skincare",
    "date": "2025-08-01",
    "unitsSold": 3,
    "costPrice": 157,
    "salePrice": 209,
    "totalRevenue": 627,
    "totalCost": 471,
    "profit": 156
  },
  {
    "id": 1114,
    "productId": 21,
    "productName": "Hyaluronic Acid Serum 250ml",
    "category": "Skincare",
    "date": "2025-10-07",
    "unitsSold": 5,
    "costPrice": 171,
    "salePrice": 232,
    "totalRevenue": 1160,
    "totalCost": 855,
    "profit": 305
  },
  {
    "id": 1115,
    "productId": 177,
    "productName": "Volumizing Shampoo 50ml",
    "category": "Haircare",
    "date": "2025-09-27",
    "unitsSold": 8,
    "costPrice": 773,
    "salePrice": 982,
    "totalRevenue": 7856,
    "totalCost": 6184,
    "profit": 1672
  },
  {
    "id": 1116,
    "productId": 163,
    "productName": "Heat Protectant Spray 1L",
    "category": "Haircare",
    "date": "2025-08-24",
    "unitsSold": 1,
    "costPrice": 930,
    "salePrice": 1264,
    "totalRevenue": 1264,
    "totalCost": 930,
    "profit": 334
  },
  {
    "id": 1117,
    "productId": 86,
    "productName": "Sunscreen SPF 50 1L",
    "category": "Skincare",
    "date": "2025-09-26",
    "unitsSold": 9,
    "costPrice": 357,
    "salePrice": 464,
    "totalRevenue": 4176,
    "totalCost": 3213,
    "profit": 963
  },
  {
    "id": 1118,
    "productId": 164,
    "productName": "Hair Strengthening Conditioner 250ml",
    "category": "Haircare",
    "date": "2025-10-02",
    "unitsSold": 10,
    "costPrice": 356,
    "salePrice": 471,
    "totalRevenue": 4710,
    "totalCost": 3560,
    "profit": 1150
  },
  {
    "id": 1119,
    "productId": 54,
    "productName": "Aloe Vera Moisturizer 1L",
    "category": "Skincare",
    "date": "2025-10-16",
    "unitsSold": 10,
    "costPrice": 403,
    "salePrice": 544,
    "totalRevenue": 5440,
    "totalCost": 4030,
    "profit": 1410
  },
  {
    "id": 1120,
    "productId": 104,
    "productName": "Contour Stick 50ml",
    "category": "Cosmetics",
    "date": "2025-08-17",
    "unitsSold": 10,
    "costPrice": 228,
    "salePrice": 320,
    "totalRevenue": 3200,
    "totalCost": 2280,
    "profit": 920
  },
  {
    "id": 1121,
    "productId": 167,
    "productName": "Nourishing Hair Cream 30ml",
    "category": "Haircare",
    "date": "2025-08-16",
    "unitsSold": 9,
    "costPrice": 242,
    "salePrice": 337,
    "totalRevenue": 3033,
    "totalCost": 2178,
    "profit": 855
  },
  {
    "id": 1122,
    "productId": 143,
    "productName": "Foundation Liquid 50ml",
    "category": "Cosmetics",
    "date": "2025-09-29",
    "unitsSold": 7,
    "costPrice": 178,
    "salePrice": 261,
    "totalRevenue": 1827,
    "totalCost": 1246,
    "profit": 581
  },
  {
    "id": 1123,
    "productId": 106,
    "productName": "Compact Powder 200ml",
    "category": "Cosmetics",
    "date": "2025-10-27",
    "unitsSold": 4,
    "costPrice": 668,
    "salePrice": 949,
    "totalRevenue": 3796,
    "totalCost": 2672,
    "profit": 1124
  },
  {
    "id": 1124,
    "productId": 51,
    "productName": "Oil-Free Moisturizer 30ml",
    "category": "Skincare",
    "date": "2025-09-14",
    "unitsSold": 5,
    "costPrice": 387,
    "salePrice": 506,
    "totalRevenue": 2530,
    "totalCost": 1935,
    "profit": 595
  },
  {
    "id": 1125,
    "productId": 105,
    "productName": "Lip Gloss 50ml",
    "category": "Cosmetics",
    "date": "2025-08-19",
    "unitsSold": 8,
    "costPrice": 331,
    "salePrice": 472,
    "totalRevenue": 3776,
    "totalCost": 2648,
    "profit": 1128
  },
  {
    "id": 1126,
    "productId": 27,
    "productName": "Hydrating Face Serum 250ml",
    "category": "Skincare",
    "date": "2025-08-21",
    "unitsSold": 1,
    "costPrice": 491,
    "salePrice": 666,
    "totalRevenue": 666,
    "totalCost": 491,
    "profit": 175
  },
  {
    "id": 1127,
    "productId": 195,
    "productName": "Smoothening Shampoo 30ml",
    "category": "Haircare",
    "date": "2025-10-28",
    "unitsSold": 7,
    "costPrice": 474,
    "salePrice": 615,
    "totalRevenue": 4305,
    "totalCost": 3318,
    "profit": 987
  },
  {
    "id": 1128,
    "productId": 187,
    "productName": "Hair Detangler Spray 500ml",
    "category": "Haircare",
    "date": "2025-08-07",
    "unitsSold": 7,
    "costPrice": 583,
    "salePrice": 758,
    "totalRevenue": 5306,
    "totalCost": 4081,
    "profit": 1225
  },
  {
    "id": 1129,
    "productId": 71,
    "productName": "Exfoliating Scrub 30ml",
    "category": "Skincare",
    "date": "2025-08-07",
    "unitsSold": 7,
    "costPrice": 220,
    "salePrice": 290,
    "totalRevenue": 2030,
    "totalCost": 1540,
    "profit": 490
  },
  {
    "id": 1130,
    "productId": 86,
    "productName": "Sunscreen SPF 50 1L",
    "category": "Skincare",
    "date": "2025-10-24",
    "unitsSold": 10,
    "costPrice": 357,
    "salePrice": 464,
    "totalRevenue": 4640,
    "totalCost": 3570,
    "profit": 1070
  },
  {
    "id": 1131,
    "productId": 139,
    "productName": "Matte Finish Lipstick 1L",
    "category": "Cosmetics",
    "date": "2025-10-20",
    "unitsSold": 5,
    "costPrice": 223,
    "salePrice": 327,
    "totalRevenue": 1635,
    "totalCost": 1115,
    "profit": 520
  },
  {
    "id": 1132,
    "productId": 66,
    "productName": "Rose Water Toner 100ml",
    "category": "Skincare",
    "date": "2025-10-01",
    "unitsSold": 7,
    "costPrice": 725,
    "salePrice": 918,
    "totalRevenue": 6426,
    "totalCost": 5075,
    "profit": 1351
  },
  {
    "id": 1133,
    "productId": 83,
    "productName": "Under Eye Cream 250ml",
    "category": "Skincare",
    "date": "2025-08-19",
    "unitsSold": 1,
    "costPrice": 171,
    "salePrice": 222,
    "totalRevenue": 222,
    "totalCost": 171,
    "profit": 51
  },
  {
    "id": 1134,
    "productId": 58,
    "productName": "Vitamin C Face Wash 50ml",
    "category": "Skincare",
    "date": "2025-10-18",
    "unitsSold": 4,
    "costPrice": 156,
    "salePrice": 216,
    "totalRevenue": 864,
    "totalCost": 624,
    "profit": 240
  },
  {
    "id": 1135,
    "productId": 123,
    "productName": "Blush Powder 1L",
    "category": "Cosmetics",
    "date": "2025-10-12",
    "unitsSold": 5,
    "costPrice": 604,
    "salePrice": 887,
    "totalRevenue": 4435,
    "totalCost": 3020,
    "profit": 1415
  },
  {
    "id": 1136,
    "productId": 52,
    "productName": "Under Eye Cream 200ml",
    "category": "Skincare",
    "date": "2025-09-30",
    "unitsSold": 1,
    "costPrice": 497,
    "salePrice": 669,
    "totalRevenue": 669,
    "totalCost": 497,
    "profit": 172
  },
  {
    "id": 1137,
    "productId": 100,
    "productName": "Lip Liner 50ml",
    "category": "Cosmetics",
    "date": "2025-10-26",
    "unitsSold": 2,
    "costPrice": 193,
    "salePrice": 262,
    "totalRevenue": 524,
    "totalCost": 386,
    "profit": 138
  },
  {
    "id": 1138,
    "productId": 199,
    "productName": "Hair Styling Gel 200ml",
    "category": "Haircare",
    "date": "2025-08-10",
    "unitsSold": 9,
    "costPrice": 553,
    "salePrice": 719,
    "totalRevenue": 6471,
    "totalCost": 4977,
    "profit": 1494
  },
  {
    "id": 1139,
    "productId": 184,
    "productName": "Protein Hair Mask 250ml",
    "category": "Haircare",
    "date": "2025-10-25",
    "unitsSold": 9,
    "costPrice": 630,
    "salePrice": 876,
    "totalRevenue": 7884,
    "totalCost": 5670,
    "profit": 2214
  },
  {
    "id": 1140,
    "productId": 84,
    "productName": "Gentle Toner 100ml",
    "category": "Skincare",
    "date": "2025-08-24",
    "unitsSold": 7,
    "costPrice": 247,
    "salePrice": 352,
    "totalRevenue": 2464,
    "totalCost": 1729,
    "profit": 735
  },
  {
    "id": 1141,
    "productId": 193,
    "productName": "Hair Styling Gel 1L",
    "category": "Haircare",
    "date": "2025-08-04",
    "unitsSold": 9,
    "costPrice": 219,
    "salePrice": 294,
    "totalRevenue": 2646,
    "totalCost": 1971,
    "profit": 675
  },
  {
    "id": 1142,
    "productId": 106,
    "productName": "Compact Powder 200ml",
    "category": "Cosmetics",
    "date": "2025-08-04",
    "unitsSold": 5,
    "costPrice": 668,
    "salePrice": 949,
    "totalRevenue": 4745,
    "totalCost": 3340,
    "profit": 1405
  },
  {
    "id": 1143,
    "productId": 27,
    "productName": "Hydrating Face Serum 250ml",
    "category": "Skincare",
    "date": "2025-08-25",
    "unitsSold": 8,
    "costPrice": 491,
    "salePrice": 666,
    "totalRevenue": 5328,
    "totalCost": 3928,
    "profit": 1400
  },
  {
    "id": 1144,
    "productId": 120,
    "productName": "Setting Spray 100ml",
    "category": "Cosmetics",
    "date": "2025-08-26",
    "unitsSold": 4,
    "costPrice": 672,
    "salePrice": 937,
    "totalRevenue": 3748,
    "totalCost": 2688,
    "profit": 1060
  },
  {
    "id": 1145,
    "productId": 79,
    "productName": "Brightening Day Cream 1L",
    "category": "Skincare",
    "date": "2025-09-18",
    "unitsSold": 3,
    "costPrice": 531,
    "salePrice": 732,
    "totalRevenue": 2196,
    "totalCost": 1593,
    "profit": 603
  },
  {
    "id": 1146,
    "productId": 96,
    "productName": "Highlighter Palette 500ml",
    "category": "Cosmetics",
    "date": "2025-10-06",
    "unitsSold": 4,
    "costPrice": 407,
    "salePrice": 546,
    "totalRevenue": 2184,
    "totalCost": 1628,
    "profit": 556
  },
  {
    "id": 1147,
    "productId": 77,
    "productName": "Exfoliating Scrub 30ml",
    "category": "Skincare",
    "date": "2025-09-21",
    "unitsSold": 3,
    "costPrice": 547,
    "salePrice": 701,
    "totalRevenue": 2103,
    "totalCost": 1641,
    "profit": 462
  },
  {
    "id": 1148,
    "productId": 80,
    "productName": "Charcoal Face Mask 100ml",
    "category": "Skincare",
    "date": "2025-10-07",
    "unitsSold": 3,
    "costPrice": 492,
    "salePrice": 679,
    "totalRevenue": 2037,
    "totalCost": 1476,
    "profit": 561
  },
  {
    "id": 1149,
    "productId": 139,
    "productName": "Matte Finish Lipstick 1L",
    "category": "Cosmetics",
    "date": "2025-09-27",
    "unitsSold": 9,
    "costPrice": 223,
    "salePrice": 327,
    "totalRevenue": 2943,
    "totalCost": 2007,
    "profit": 936
  },
  {
    "id": 1150,
    "productId": 27,
    "productName": "Hydrating Face Serum 250ml",
    "category": "Skincare",
    "date": "2025-10-31",
    "unitsSold": 7,
    "costPrice": 491,
    "salePrice": 666,
    "totalRevenue": 4662,
    "totalCost": 3437,
    "profit": 1225
  },
  {
    "id": 1151,
    "productId": 16,
    "productName": "Rose Water Toner 50ml",
    "category": "Skincare",
    "date": "2025-09-27",
    "unitsSold": 8,
    "costPrice": 734,
    "salePrice": 1012,
    "totalRevenue": 8096,
    "totalCost": 5872,
    "profit": 2224
  },
  {
    "id": 1152,
    "productId": 174,
    "productName": "Hair Serum 250ml",
    "category": "Haircare",
    "date": "2025-10-06",
    "unitsSold": 2,
    "costPrice": 677,
    "salePrice": 892,
    "totalRevenue": 1784,
    "totalCost": 1354,
    "profit": 430
  },
  {
    "id": 1153,
    "productId": 104,
    "productName": "Contour Stick 50ml",
    "category": "Cosmetics",
    "date": "2025-10-26",
    "unitsSold": 1,
    "costPrice": 228,
    "salePrice": 320,
    "totalRevenue": 320,
    "totalCost": 228,
    "profit": 92
  },
  {
    "id": 1154,
    "productId": 42,
    "productName": "Charcoal Face Mask 100ml",
    "category": "Skincare",
    "date": "2025-08-05",
    "unitsSold": 5,
    "costPrice": 158,
    "salePrice": 225,
    "totalRevenue": 1125,
    "totalCost": 790,
    "profit": 335
  },
  {
    "id": 1155,
    "productId": 52,
    "productName": "Under Eye Cream 200ml",
    "category": "Skincare",
    "date": "2025-08-08",
    "unitsSold": 1,
    "costPrice": 497,
    "salePrice": 669,
    "totalRevenue": 669,
    "totalCost": 497,
    "profit": 172
  },
  {
    "id": 1156,
    "productId": 127,
    "productName": "Foundation Liquid 50ml",
    "category": "Cosmetics",
    "date": "2025-10-16",
    "unitsSold": 9,
    "costPrice": 288,
    "salePrice": 375,
    "totalRevenue": 3375,
    "totalCost": 2592,
    "profit": 783
  },
  {
    "id": 1157,
    "productId": 152,
    "productName": "Blush Powder 30ml",
    "category": "Cosmetics",
    "date": "2025-08-09",
    "unitsSold": 7,
    "costPrice": 469,
    "salePrice": 668,
    "totalRevenue": 4676,
    "totalCost": 3283,
    "profit": 1393
  },
  {
    "id": 1158,
    "productId": 71,
    "productName": "Exfoliating Scrub 30ml",
    "category": "Skincare",
    "date": "2025-09-03",
    "unitsSold": 1,
    "costPrice": 220,
    "salePrice": 290,
    "totalRevenue": 290,
    "totalCost": 220,
    "profit": 70
  },
  {
    "id": 1159,
    "productId": 195,
    "productName": "Smoothening Shampoo 30ml",
    "category": "Haircare",
    "date": "2025-08-24",
    "unitsSold": 1,
    "costPrice": 474,
    "salePrice": 615,
    "totalRevenue": 615,
    "totalCost": 474,
    "profit": 141
  },
  {
    "id": 1160,
    "productId": 22,
    "productName": "Face Oil 50ml",
    "category": "Skincare",
    "date": "2025-10-12",
    "unitsSold": 1,
    "costPrice": 345,
    "salePrice": 449,
    "totalRevenue": 449,
    "totalCost": 345,
    "profit": 104
  },
  {
    "id": 1161,
    "productId": 99,
    "productName": "Lip Gloss 1L",
    "category": "Cosmetics",
    "date": "2025-09-16",
    "unitsSold": 1,
    "costPrice": 193,
    "salePrice": 258,
    "totalRevenue": 258,
    "totalCost": 193,
    "profit": 65
  },
  {
    "id": 1162,
    "productId": 110,
    "productName": "Volumizing Mascara 30ml",
    "category": "Cosmetics",
    "date": "2025-08-02",
    "unitsSold": 4,
    "costPrice": 454,
    "salePrice": 666,
    "totalRevenue": 2664,
    "totalCost": 1816,
    "profit": 848
  },
  {
    "id": 1163,
    "productId": 116,
    "productName": "Eyeshadow Palette 1L",
    "category": "Cosmetics",
    "date": "2025-08-13",
    "unitsSold": 1,
    "costPrice": 566,
    "salePrice": 807,
    "totalRevenue": 807,
    "totalCost": 566,
    "profit": 241
  },
  {
    "id": 1164,
    "productId": 11,
    "productName": "Sunscreen SPF 50 250ml",
    "category": "Skincare",
    "date": "2025-09-02",
    "unitsSold": 6,
    "costPrice": 617,
    "salePrice": 788,
    "totalRevenue": 4728,
    "totalCost": 3702,
    "profit": 1026
  },
  {
    "id": 1165,
    "productId": 75,
    "productName": "Hyaluronic Acid Serum 1L",
    "category": "Skincare",
    "date": "2025-10-05",
    "unitsSold": 6,
    "costPrice": 887,
    "salePrice": 1151,
    "totalRevenue": 6906,
    "totalCost": 5322,
    "profit": 1584
  },
  {
    "id": 1166,
    "productId": 101,
    "productName": "Setting Spray 100ml",
    "category": "Cosmetics",
    "date": "2025-09-14",
    "unitsSold": 4,
    "costPrice": 313,
    "salePrice": 411,
    "totalRevenue": 1644,
    "totalCost": 1252,
    "profit": 392
  },
  {
    "id": 1167,
    "productId": 21,
    "productName": "Hyaluronic Acid Serum 250ml",
    "category": "Skincare",
    "date": "2025-09-27",
    "unitsSold": 9,
    "costPrice": 171,
    "salePrice": 232,
    "totalRevenue": 2088,
    "totalCost": 1539,
    "profit": 549
  },
  {
    "id": 1168,
    "productId": 23,
    "productName": "Exfoliating Scrub 250ml",
    "category": "Skincare",
    "date": "2025-08-15",
    "unitsSold": 9,
    "costPrice": 365,
    "salePrice": 504,
    "totalRevenue": 4536,
    "totalCost": 3285,
    "profit": 1251
  },
  {
    "id": 1169,
    "productId": 159,
    "productName": "Concealer Stick 500ml",
    "category": "Cosmetics",
    "date": "2025-09-03",
    "unitsSold": 2,
    "costPrice": 106,
    "salePrice": 151,
    "totalRevenue": 302,
    "totalCost": 212,
    "profit": 90
  },
  {
    "id": 1170,
    "productId": 34,
    "productName": "Anti-Aging Night Cream 100ml",
    "category": "Skincare",
    "date": "2025-09-08",
    "unitsSold": 10,
    "costPrice": 508,
    "salePrice": 678,
    "totalRevenue": 6780,
    "totalCost": 5080,
    "profit": 1700
  },
  {
    "id": 1171,
    "productId": 176,
    "productName": "Heat Protectant Spray 500ml",
    "category": "Haircare",
    "date": "2025-10-20",
    "unitsSold": 8,
    "costPrice": 480,
    "salePrice": 603,
    "totalRevenue": 4824,
    "totalCost": 3840,
    "profit": 984
  },
  {
    "id": 1172,
    "productId": 89,
    "productName": "Vitamin C Face Wash 1L",
    "category": "Skincare",
    "date": "2025-10-04",
    "unitsSold": 3,
    "costPrice": 706,
    "salePrice": 960,
    "totalRevenue": 2880,
    "totalCost": 2118,
    "profit": 762
  },
  {
    "id": 1173,
    "productId": 126,
    "productName": "Makeup Sponge 250ml",
    "category": "Cosmetics",
    "date": "2025-10-14",
    "unitsSold": 8,
    "costPrice": 626,
    "salePrice": 830,
    "totalRevenue": 6640,
    "totalCost": 5008,
    "profit": 1632
  },
  {
    "id": 1174,
    "productId": 156,
    "productName": "Kajal Pencil 500ml",
    "category": "Cosmetics",
    "date": "2025-08-04",
    "unitsSold": 4,
    "costPrice": 420,
    "salePrice": 598,
    "totalRevenue": 2392,
    "totalCost": 1680,
    "profit": 712
  },
  {
    "id": 1175,
    "productId": 180,
    "productName": "Hair Strengthening Conditioner 200ml",
    "category": "Haircare",
    "date": "2025-10-28",
    "unitsSold": 5,
    "costPrice": 554,
    "salePrice": 728,
    "totalRevenue": 3640,
    "totalCost": 2770,
    "profit": 870
  },
  {
    "id": 1176,
    "productId": 78,
    "productName": "Oil-Free Moisturizer 500ml",
    "category": "Skincare",
    "date": "2025-09-25",
    "unitsSold": 1,
    "costPrice": 413,
    "salePrice": 573,
    "totalRevenue": 573,
    "totalCost": 413,
    "profit": 160
  },
  {
    "id": 1177,
    "productId": 167,
    "productName": "Nourishing Hair Cream 30ml",
    "category": "Haircare",
    "date": "2025-09-06",
    "unitsSold": 7,
    "costPrice": 242,
    "salePrice": 337,
    "totalRevenue": 2359,
    "totalCost": 1694,
    "profit": 665
  },
  {
    "id": 1178,
    "productId": 44,
    "productName": "Hydrating Face Serum 200ml",
    "category": "Skincare",
    "date": "2025-10-29",
    "unitsSold": 5,
    "costPrice": 517,
    "salePrice": 704,
    "totalRevenue": 3520,
    "totalCost": 2585,
    "profit": 935
  },
  {
    "id": 1179,
    "productId": 23,
    "productName": "Exfoliating Scrub 250ml",
    "category": "Skincare",
    "date": "2025-10-06",
    "unitsSold": 4,
    "costPrice": 365,
    "salePrice": 504,
    "totalRevenue": 2016,
    "totalCost": 1460,
    "profit": 556
  },
  {
    "id": 1180,
    "productId": 129,
    "productName": "Liquid Eyeliner 50ml",
    "category": "Cosmetics",
    "date": "2025-10-23",
    "unitsSold": 5,
    "costPrice": 423,
    "salePrice": 596,
    "totalRevenue": 2980,
    "totalCost": 2115,
    "profit": 865
  },
  {
    "id": 1181,
    "productId": 147,
    "productName": "Makeup Sponge 200ml",
    "category": "Cosmetics",
    "date": "2025-10-05",
    "unitsSold": 6,
    "costPrice": 505,
    "salePrice": 750,
    "totalRevenue": 4500,
    "totalCost": 3030,
    "profit": 1470
  },
  {
    "id": 1182,
    "productId": 137,
    "productName": "Concealer Stick 500ml",
    "category": "Cosmetics",
    "date": "2025-09-15",
    "unitsSold": 8,
    "costPrice": 200,
    "salePrice": 274,
    "totalRevenue": 2192,
    "totalCost": 1600,
    "profit": 592
  },
  {
    "id": 1183,
    "productId": 174,
    "productName": "Hair Serum 250ml",
    "category": "Haircare",
    "date": "2025-10-06",
    "unitsSold": 8,
    "costPrice": 677,
    "salePrice": 892,
    "totalRevenue": 7136,
    "totalCost": 5416,
    "profit": 1720
  },
  {
    "id": 1184,
    "productId": 153,
    "productName": "Brow Pencil 50ml",
    "category": "Cosmetics",
    "date": "2025-09-01",
    "unitsSold": 8,
    "costPrice": 271,
    "salePrice": 353,
    "totalRevenue": 2824,
    "totalCost": 2168,
    "profit": 656
  },
  {
    "id": 1185,
    "productId": 126,
    "productName": "Makeup Sponge 250ml",
    "category": "Cosmetics",
    "date": "2025-10-02",
    "unitsSold": 8,
    "costPrice": 626,
    "salePrice": 830,
    "totalRevenue": 6640,
    "totalCost": 5008,
    "profit": 1632
  },
  {
    "id": 1186,
    "productId": 156,
    "productName": "Kajal Pencil 500ml",
    "category": "Cosmetics",
    "date": "2025-10-21",
    "unitsSold": 10,
    "costPrice": 420,
    "salePrice": 598,
    "totalRevenue": 5980,
    "totalCost": 4200,
    "profit": 1780
  },
  {
    "id": 1187,
    "productId": 49,
    "productName": "Under Eye Cream 500ml",
    "category": "Skincare",
    "date": "2025-09-13",
    "unitsSold": 6,
    "costPrice": 350,
    "salePrice": 475,
    "totalRevenue": 2850,
    "totalCost": 2100,
    "profit": 750
  },
  {
    "id": 1188,
    "productId": 169,
    "productName": "Hair Detangler Spray 250ml",
    "category": "Haircare",
    "date": "2025-10-01",
    "unitsSold": 3,
    "costPrice": 879,
    "salePrice": 1183,
    "totalRevenue": 3549,
    "totalCost": 2637,
    "profit": 912
  },
  {
    "id": 1189,
    "productId": 74,
    "productName": "Under Eye Cream 1L",
    "category": "Skincare",
    "date": "2025-09-10",
    "unitsSold": 8,
    "costPrice": 279,
    "salePrice": 377,
    "totalRevenue": 3016,
    "totalCost": 2232,
    "profit": 784
  },
  {
    "id": 1190,
    "productId": 158,
    "productName": "Concealer Stick 250ml",
    "category": "Cosmetics",
    "date": "2025-08-07",
    "unitsSold": 8,
    "costPrice": 679,
    "salePrice": 938,
    "totalRevenue": 7504,
    "totalCost": 5432,
    "profit": 2072
  },
  {
    "id": 1191,
    "productId": 69,
    "productName": "Under Eye Cream 50ml",
    "category": "Skincare",
    "date": "2025-08-27",
    "unitsSold": 10,
    "costPrice": 427,
    "salePrice": 545,
    "totalRevenue": 5450,
    "totalCost": 4270,
    "profit": 1180
  },
  {
    "id": 1192,
    "productId": 177,
    "productName": "Volumizing Shampoo 50ml",
    "category": "Haircare",
    "date": "2025-10-29",
    "unitsSold": 8,
    "costPrice": 773,
    "salePrice": 982,
    "totalRevenue": 7856,
    "totalCost": 6184,
    "profit": 1672
  },
  {
    "id": 1193,
    "productId": 110,
    "productName": "Volumizing Mascara 30ml",
    "category": "Cosmetics",
    "date": "2025-10-16",
    "unitsSold": 9,
    "costPrice": 454,
    "salePrice": 666,
    "totalRevenue": 5994,
    "totalCost": 4086,
    "profit": 1908
  },
  {
    "id": 1194,
    "productId": 33,
    "productName": "Oil-Free Moisturizer 200ml",
    "category": "Skincare",
    "date": "2025-08-23",
    "unitsSold": 1,
    "costPrice": 285,
    "salePrice": 411,
    "totalRevenue": 411,
    "totalCost": 285,
    "profit": 126
  },
  {
    "id": 1195,
    "productId": 144,
    "productName": "Contour Stick 1L",
    "category": "Cosmetics",
    "date": "2025-09-09",
    "unitsSold": 6,
    "costPrice": 540,
    "salePrice": 802,
    "totalRevenue": 4812,
    "totalCost": 3240,
    "profit": 1572
  },
  {
    "id": 1196,
    "productId": 54,
    "productName": "Aloe Vera Moisturizer 1L",
    "category": "Skincare",
    "date": "2025-08-01",
    "unitsSold": 2,
    "costPrice": 403,
    "salePrice": 544,
    "totalRevenue": 1088,
    "totalCost": 806,
    "profit": 282
  },
  {
    "id": 1197,
    "productId": 24,
    "productName": "Clay Mask 50ml",
    "category": "Skincare",
    "date": "2025-08-08",
    "unitsSold": 6,
    "costPrice": 168,
    "salePrice": 226,
    "totalRevenue": 1356,
    "totalCost": 1008,
    "profit": 348
  },
  {
    "id": 1198,
    "productId": 132,
    "productName": "Makeup Sponge 30ml",
    "category": "Cosmetics",
    "date": "2025-08-19",
    "unitsSold": 5,
    "costPrice": 339,
    "salePrice": 501,
    "totalRevenue": 2505,
    "totalCost": 1695,
    "profit": 810
  },
  {
    "id": 1199,
    "productId": 198,
    "productName": "Protein Hair Mask 100ml",
    "category": "Haircare",
    "date": "2025-08-23",
    "unitsSold": 9,
    "costPrice": 855,
    "salePrice": 1123,
    "totalRevenue": 10107,
    "totalCost": 7695,
    "profit": 2412
  },
  {
    "id": 1200,
    "productId": 40,
    "productName": "Hyaluronic Acid Serum 1L",
    "category": "Skincare",
    "date": "2025-08-24",
    "unitsSold": 4,
    "costPrice": 449,
    "salePrice": 584,
    "totalRevenue": 2336,
    "totalCost": 1796,
    "profit": 540
  },
  {
    "id": 1201,
    "productId": 130,
    "productName": "Highlighter Palette 250ml",
    "category": "Cosmetics",
    "date": "2025-10-12",
    "unitsSold": 2,
    "costPrice": 329,
    "salePrice": 483,
    "totalRevenue": 966,
    "totalCost": 658,
    "profit": 308
  },
  {
    "id": 1202,
    "productId": 187,
    "productName": "Hair Detangler Spray 500ml",
    "category": "Haircare",
    "date": "2025-09-04",
    "unitsSold": 1,
    "costPrice": 583,
    "salePrice": 758,
    "totalRevenue": 758,
    "totalCost": 583,
    "profit": 175
  },
  {
    "id": 1203,
    "productId": 63,
    "productName": "Vitamin C Face Wash 250ml",
    "category": "Skincare",
    "date": "2025-08-16",
    "unitsSold": 10,
    "costPrice": 435,
    "salePrice": 618,
    "totalRevenue": 6180,
    "totalCost": 4350,
    "profit": 1830
  },
  {
    "id": 1204,
    "productId": 51,
    "productName": "Oil-Free Moisturizer 30ml",
    "category": "Skincare",
    "date": "2025-10-06",
    "unitsSold": 6,
    "costPrice": 387,
    "salePrice": 506,
    "totalRevenue": 3036,
    "totalCost": 2322,
    "profit": 714
  },
  {
    "id": 1205,
    "productId": 150,
    "productName": "Makeup Remover 200ml",
    "category": "Cosmetics",
    "date": "2025-08-28",
    "unitsSold": 7,
    "costPrice": 158,
    "salePrice": 220,
    "totalRevenue": 1540,
    "totalCost": 1106,
    "profit": 434
  },
  {
    "id": 1206,
    "productId": 68,
    "productName": "Aloe Vera Moisturizer 500ml",
    "category": "Skincare",
    "date": "2025-10-06",
    "unitsSold": 10,
    "costPrice": 156,
    "salePrice": 222,
    "totalRevenue": 2220,
    "totalCost": 1560,
    "profit": 660
  },
  {
    "id": 1207,
    "productId": 190,
    "productName": "Nourishing Hair Cream 100ml",
    "category": "Haircare",
    "date": "2025-09-06",
    "unitsSold": 2,
    "costPrice": 773,
    "salePrice": 1073,
    "totalRevenue": 2146,
    "totalCost": 1546,
    "profit": 600
  },
  {
    "id": 1208,
    "productId": 155,
    "productName": "Contour Stick 100ml",
    "category": "Cosmetics",
    "date": "2025-09-09",
    "unitsSold": 7,
    "costPrice": 453,
    "salePrice": 666,
    "totalRevenue": 4662,
    "totalCost": 3171,
    "profit": 1491
  },
  {
    "id": 1209,
    "productId": 116,
    "productName": "Eyeshadow Palette 1L",
    "category": "Cosmetics",
    "date": "2025-08-31",
    "unitsSold": 8,
    "costPrice": 566,
    "salePrice": 807,
    "totalRevenue": 6456,
    "totalCost": 4528,
    "profit": 1928
  },
  {
    "id": 1210,
    "productId": 104,
    "productName": "Contour Stick 50ml",
    "category": "Cosmetics",
    "date": "2025-09-11",
    "unitsSold": 3,
    "costPrice": 228,
    "salePrice": 320,
    "totalRevenue": 960,
    "totalCost": 684,
    "profit": 276
  },
  {
    "id": 1211,
    "productId": 60,
    "productName": "Brightening Day Cream 200ml",
    "category": "Skincare",
    "date": "2025-09-27",
    "unitsSold": 5,
    "costPrice": 261,
    "salePrice": 378,
    "totalRevenue": 1890,
    "totalCost": 1305,
    "profit": 585
  },
  {
    "id": 1212,
    "productId": 6,
    "productName": "Sunscreen SPF 50 200ml",
    "category": "Skincare",
    "date": "2025-09-18",
    "unitsSold": 10,
    "costPrice": 157,
    "salePrice": 209,
    "totalRevenue": 2090,
    "totalCost": 1570,
    "profit": 520
  },
  {
    "id": 1213,
    "productId": 32,
    "productName": "Aloe Vera Moisturizer 200ml",
    "category": "Skincare",
    "date": "2025-09-04",
    "unitsSold": 2,
    "costPrice": 375,
    "salePrice": 509,
    "totalRevenue": 1018,
    "totalCost": 750,
    "profit": 268
  },
  {
    "id": 1214,
    "productId": 128,
    "productName": "Kajal Pencil 200ml",
    "category": "Cosmetics",
    "date": "2025-09-18",
    "unitsSold": 9,
    "costPrice": 169,
    "salePrice": 233,
    "totalRevenue": 2097,
    "totalCost": 1521,
    "profit": 576
  },
  {
    "id": 1215,
    "productId": 94,
    "productName": "Brow Pencil 50ml",
    "category": "Cosmetics",
    "date": "2025-09-28",
    "unitsSold": 3,
    "costPrice": 670,
    "salePrice": 954,
    "totalRevenue": 2862,
    "totalCost": 2010,
    "profit": 852
  },
  {
    "id": 1216,
    "productId": 181,
    "productName": "Hair Growth Serum 30ml",
    "category": "Haircare",
    "date": "2025-08-15",
    "unitsSold": 3,
    "costPrice": 498,
    "salePrice": 673,
    "totalRevenue": 2019,
    "totalCost": 1494,
    "profit": 525
  },
  {
    "id": 1217,
    "productId": 50,
    "productName": "Face Oil 100ml",
    "category": "Skincare",
    "date": "2025-08-30",
    "unitsSold": 2,
    "costPrice": 470,
    "salePrice": 653,
    "totalRevenue": 1306,
    "totalCost": 940,
    "profit": 366
  },
  {
    "id": 1218,
    "productId": 107,
    "productName": "Liquid Eyeliner 1L",
    "category": "Cosmetics",
    "date": "2025-08-23",
    "unitsSold": 4,
    "costPrice": 688,
    "salePrice": 967,
    "totalRevenue": 3868,
    "totalCost": 2752,
    "profit": 1116
  },
  {
    "id": 1219,
    "productId": 183,
    "productName": "Curl Defining Cream 50ml",
    "category": "Haircare",
    "date": "2025-08-04",
    "unitsSold": 9,
    "costPrice": 470,
    "salePrice": 611,
    "totalRevenue": 5499,
    "totalCost": 4230,
    "profit": 1269
  },
  {
    "id": 1220,
    "productId": 130,
    "productName": "Highlighter Palette 250ml",
    "category": "Cosmetics",
    "date": "2025-10-30",
    "unitsSold": 9,
    "costPrice": 329,
    "salePrice": 483,
    "totalRevenue": 4347,
    "totalCost": 2961,
    "profit": 1386
  },
  {
    "id": 1221,
    "productId": 73,
    "productName": "Gentle Toner 50ml",
    "category": "Skincare",
    "date": "2025-10-24",
    "unitsSold": 6,
    "costPrice": 394,
    "salePrice": 556,
    "totalRevenue": 3336,
    "totalCost": 2364,
    "profit": 972
  },
  {
    "id": 1222,
    "productId": 99,
    "productName": "Lip Gloss 1L",
    "category": "Cosmetics",
    "date": "2025-10-18",
    "unitsSold": 4,
    "costPrice": 193,
    "salePrice": 258,
    "totalRevenue": 1032,
    "totalCost": 772,
    "profit": 260
  },
  {
    "id": 1223,
    "productId": 17,
    "productName": "Exfoliating Scrub 50ml",
    "category": "Skincare",
    "date": "2025-10-23",
    "unitsSold": 5,
    "costPrice": 393,
    "salePrice": 512,
    "totalRevenue": 2560,
    "totalCost": 1965,
    "profit": 595
  },
  {
    "id": 1224,
    "productId": 108,
    "productName": "Brow Pencil 30ml",
    "category": "Cosmetics",
    "date": "2025-10-20",
    "unitsSold": 1,
    "costPrice": 507,
    "salePrice": 738,
    "totalRevenue": 738,
    "totalCost": 507,
    "profit": 231
  },
  {
    "id": 1225,
    "productId": 99,
    "productName": "Lip Gloss 1L",
    "category": "Cosmetics",
    "date": "2025-08-09",
    "unitsSold": 1,
    "costPrice": 193,
    "salePrice": 258,
    "totalRevenue": 258,
    "totalCost": 193,
    "profit": 65
  },
  {
    "id": 1226,
    "productId": 177,
    "productName": "Volumizing Shampoo 50ml",
    "category": "Haircare",
    "date": "2025-10-02",
    "unitsSold": 6,
    "costPrice": 773,
    "salePrice": 982,
    "totalRevenue": 5892,
    "totalCost": 4638,
    "profit": 1254
  },
  {
    "id": 1227,
    "productId": 84,
    "productName": "Gentle Toner 100ml",
    "category": "Skincare",
    "date": "2025-09-18",
    "unitsSold": 6,
    "costPrice": 247,
    "salePrice": 352,
    "totalRevenue": 2112,
    "totalCost": 1482,
    "profit": 630
  },
  {
    "id": 1228,
    "productId": 137,
    "productName": "Concealer Stick 500ml",
    "category": "Cosmetics",
    "date": "2025-10-14",
    "unitsSold": 2,
    "costPrice": 200,
    "salePrice": 274,
    "totalRevenue": 548,
    "totalCost": 400,
    "profit": 148
  },
  {
    "id": 1229,
    "productId": 115,
    "productName": "Setting Spray 1L",
    "category": "Cosmetics",
    "date": "2025-10-05",
    "unitsSold": 8,
    "costPrice": 411,
    "salePrice": 595,
    "totalRevenue": 4760,
    "totalCost": 3288,
    "profit": 1472
  },
  {
    "id": 1230,
    "productId": 70,
    "productName": "Face Oil 200ml",
    "category": "Skincare",
    "date": "2025-08-21",
    "unitsSold": 5,
    "costPrice": 261,
    "salePrice": 357,
    "totalRevenue": 1785,
    "totalCost": 1305,
    "profit": 480
  },
  {
    "id": 1231,
    "productId": 154,
    "productName": "Highlighter Palette 1L",
    "category": "Cosmetics",
    "date": "2025-10-30",
    "unitsSold": 1,
    "costPrice": 600,
    "salePrice": 828,
    "totalRevenue": 828,
    "totalCost": 600,
    "profit": 228
  },
  {
    "id": 1232,
    "productId": 132,
    "productName": "Makeup Sponge 30ml",
    "category": "Cosmetics",
    "date": "2025-10-14",
    "unitsSold": 10,
    "costPrice": 339,
    "salePrice": 501,
    "totalRevenue": 5010,
    "totalCost": 3390,
    "profit": 1620
  },
  {
    "id": 1233,
    "productId": 162,
    "productName": "Scalp Tonic 100ml",
    "category": "Haircare",
    "date": "2025-09-01",
    "unitsSold": 2,
    "costPrice": 530,
    "salePrice": 675,
    "totalRevenue": 1350,
    "totalCost": 1060,
    "profit": 290
  },
  {
    "id": 1234,
    "productId": 97,
    "productName": "Blush Powder 1L",
    "category": "Cosmetics",
    "date": "2025-08-07",
    "unitsSold": 5,
    "costPrice": 583,
    "salePrice": 867,
    "totalRevenue": 4335,
    "totalCost": 2915,
    "profit": 1420
  },
  {
    "id": 1235,
    "productId": 36,
    "productName": "Brightening Day Cream 200ml",
    "category": "Skincare",
    "date": "2025-10-25",
    "unitsSold": 10,
    "costPrice": 811,
    "salePrice": 1032,
    "totalRevenue": 10320,
    "totalCost": 8110,
    "profit": 2210
  },
  {
    "id": 1236,
    "productId": 59,
    "productName": "Clay Mask 100ml",
    "category": "Skincare",
    "date": "2025-10-07",
    "unitsSold": 9,
    "costPrice": 755,
    "salePrice": 955,
    "totalRevenue": 8595,
    "totalCost": 6795,
    "profit": 1800
  },
  {
    "id": 1237,
    "productId": 97,
    "productName": "Blush Powder 1L",
    "category": "Cosmetics",
    "date": "2025-10-14",
    "unitsSold": 7,
    "costPrice": 583,
    "salePrice": 867,
    "totalRevenue": 6069,
    "totalCost": 4081,
    "profit": 1988
  },
  {
    "id": 1238,
    "productId": 58,
    "productName": "Vitamin C Face Wash 50ml",
    "category": "Skincare",
    "date": "2025-09-02",
    "unitsSold": 6,
    "costPrice": 156,
    "salePrice": 216,
    "totalRevenue": 1296,
    "totalCost": 936,
    "profit": 360
  },
  {
    "id": 1239,
    "productId": 113,
    "productName": "Eyeshadow Palette 250ml",
    "category": "Cosmetics",
    "date": "2025-08-21",
    "unitsSold": 4,
    "costPrice": 299,
    "salePrice": 405,
    "totalRevenue": 1620,
    "totalCost": 1196,
    "profit": 424
  },
  {
    "id": 1240,
    "productId": 86,
    "productName": "Sunscreen SPF 50 1L",
    "category": "Skincare",
    "date": "2025-10-25",
    "unitsSold": 1,
    "costPrice": 357,
    "salePrice": 464,
    "totalRevenue": 464,
    "totalCost": 357,
    "profit": 107
  },
  {
    "id": 1241,
    "productId": 114,
    "productName": "BB Cream 1L",
    "category": "Cosmetics",
    "date": "2025-08-24",
    "unitsSold": 6,
    "costPrice": 365,
    "salePrice": 539,
    "totalRevenue": 3234,
    "totalCost": 2190,
    "profit": 1044
  },
  {
    "id": 1242,
    "productId": 3,
    "productName": "Under Eye Cream 100ml",
    "category": "Skincare",
    "date": "2025-10-30",
    "unitsSold": 8,
    "costPrice": 877,
    "salePrice": 1146,
    "totalRevenue": 9168,
    "totalCost": 7016,
    "profit": 2152
  },
  {
    "id": 1243,
    "productId": 182,
    "productName": "Color Protect Conditioner 200ml",
    "category": "Haircare",
    "date": "2025-08-09",
    "unitsSold": 4,
    "costPrice": 651,
    "salePrice": 899,
    "totalRevenue": 3596,
    "totalCost": 2604,
    "profit": 992
  },
  {
    "id": 1244,
    "productId": 154,
    "productName": "Highlighter Palette 1L",
    "category": "Cosmetics",
    "date": "2025-08-06",
    "unitsSold": 1,
    "costPrice": 600,
    "salePrice": 828,
    "totalRevenue": 828,
    "totalCost": 600,
    "profit": 228
  },
  {
    "id": 1245,
    "productId": 13,
    "productName": "Under Eye Cream 1L",
    "category": "Skincare",
    "date": "2025-08-03",
    "unitsSold": 2,
    "costPrice": 286,
    "salePrice": 405,
    "totalRevenue": 810,
    "totalCost": 572,
    "profit": 238
  },
  {
    "id": 1246,
    "productId": 189,
    "productName": "Smoothening Shampoo 500ml",
    "category": "Haircare",
    "date": "2025-09-15",
    "unitsSold": 9,
    "costPrice": 164,
    "salePrice": 212,
    "totalRevenue": 1908,
    "totalCost": 1476,
    "profit": 432
  },
  {
    "id": 1247,
    "productId": 77,
    "productName": "Exfoliating Scrub 30ml",
    "category": "Skincare",
    "date": "2025-08-17",
    "unitsSold": 6,
    "costPrice": 547,
    "salePrice": 701,
    "totalRevenue": 4206,
    "totalCost": 3282,
    "profit": 924
  },
  {
    "id": 1248,
    "productId": 159,
    "productName": "Concealer Stick 500ml",
    "category": "Cosmetics",
    "date": "2025-10-16",
    "unitsSold": 1,
    "costPrice": 106,
    "salePrice": 151,
    "totalRevenue": 151,
    "totalCost": 106,
    "profit": 45
  },
  {
    "id": 1249,
    "productId": 179,
    "productName": "Argan Hair Oil 200ml",
    "category": "Haircare",
    "date": "2025-10-24",
    "unitsSold": 5,
    "costPrice": 649,
    "salePrice": 866,
    "totalRevenue": 4330,
    "totalCost": 3245,
    "profit": 1085
  },
  {
    "id": 1250,
    "productId": 56,
    "productName": "Vitamin C Face Wash 1L",
    "category": "Skincare",
    "date": "2025-08-16",
    "unitsSold": 5,
    "costPrice": 749,
    "salePrice": 1005,
    "totalRevenue": 5025,
    "totalCost": 3745,
    "profit": 1280
  },
  {
    "id": 1251,
    "productId": 57,
    "productName": "Anti-Aging Night Cream 100ml",
    "category": "Skincare",
    "date": "2025-09-30",
    "unitsSold": 3,
    "costPrice": 492,
    "salePrice": 702,
    "totalRevenue": 2106,
    "totalCost": 1476,
    "profit": 630
  },
  {
    "id": 1252,
    "productId": 60,
    "productName": "Brightening Day Cream 200ml",
    "category": "Skincare",
    "date": "2025-08-18",
    "unitsSold": 5,
    "costPrice": 261,
    "salePrice": 378,
    "totalRevenue": 1890,
    "totalCost": 1305,
    "profit": 585
  },
  {
    "id": 1253,
    "productId": 2,
    "productName": "Charcoal Face Mask 200ml",
    "category": "Skincare",
    "date": "2025-09-23",
    "unitsSold": 4,
    "costPrice": 307,
    "salePrice": 440,
    "totalRevenue": 1760,
    "totalCost": 1228,
    "profit": 532
  },
  {
    "id": 1254,
    "productId": 153,
    "productName": "Brow Pencil 50ml",
    "category": "Cosmetics",
    "date": "2025-09-14",
    "unitsSold": 3,
    "costPrice": 271,
    "salePrice": 353,
    "totalRevenue": 1059,
    "totalCost": 813,
    "profit": 246
  },
  {
    "id": 1255,
    "productId": 68,
    "productName": "Aloe Vera Moisturizer 500ml",
    "category": "Skincare",
    "date": "2025-10-19",
    "unitsSold": 5,
    "costPrice": 156,
    "salePrice": 222,
    "totalRevenue": 1110,
    "totalCost": 780,
    "profit": 330
  },
  {
    "id": 1256,
    "productId": 81,
    "productName": "Gentle Toner 1L",
    "category": "Skincare",
    "date": "2025-08-01",
    "unitsSold": 9,
    "costPrice": 805,
    "salePrice": 1085,
    "totalRevenue": 9765,
    "totalCost": 7245,
    "profit": 2520
  },
  {
    "id": 1257,
    "productId": 188,
    "productName": "Nourishing Hair Cream 250ml",
    "category": "Haircare",
    "date": "2025-09-25",
    "unitsSold": 1,
    "costPrice": 406,
    "salePrice": 514,
    "totalRevenue": 514,
    "totalCost": 406,
    "profit": 108
  },
  {
    "id": 1258,
    "productId": 81,
    "productName": "Gentle Toner 1L",
    "category": "Skincare",
    "date": "2025-10-22",
    "unitsSold": 5,
    "costPrice": 805,
    "salePrice": 1085,
    "totalRevenue": 5425,
    "totalCost": 4025,
    "profit": 1400
  },
  {
    "id": 1259,
    "productId": 122,
    "productName": "Makeup Remover 200ml",
    "category": "Cosmetics",
    "date": "2025-09-10",
    "unitsSold": 6,
    "costPrice": 616,
    "salePrice": 866,
    "totalRevenue": 5196,
    "totalCost": 3696,
    "profit": 1500
  },
  {
    "id": 1260,
    "productId": 144,
    "productName": "Contour Stick 1L",
    "category": "Cosmetics",
    "date": "2025-09-25",
    "unitsSold": 8,
    "costPrice": 540,
    "salePrice": 802,
    "totalRevenue": 6416,
    "totalCost": 4320,
    "profit": 2096
  },
  {
    "id": 1261,
    "productId": 119,
    "productName": "Makeup Sponge 1L",
    "category": "Cosmetics",
    "date": "2025-08-25",
    "unitsSold": 7,
    "costPrice": 301,
    "salePrice": 427,
    "totalRevenue": 2989,
    "totalCost": 2107,
    "profit": 882
  },
  {
    "id": 1262,
    "productId": 158,
    "productName": "Concealer Stick 250ml",
    "category": "Cosmetics",
    "date": "2025-10-30",
    "unitsSold": 10,
    "costPrice": 679,
    "salePrice": 938,
    "totalRevenue": 9380,
    "totalCost": 6790,
    "profit": 2590
  },
  {
    "id": 1263,
    "productId": 76,
    "productName": "Acne Control Gel 200ml",
    "category": "Skincare",
    "date": "2025-08-16",
    "unitsSold": 4,
    "costPrice": 481,
    "salePrice": 629,
    "totalRevenue": 2516,
    "totalCost": 1924,
    "profit": 592
  },
  {
    "id": 1264,
    "productId": 52,
    "productName": "Under Eye Cream 200ml",
    "category": "Skincare",
    "date": "2025-08-09",
    "unitsSold": 7,
    "costPrice": 497,
    "salePrice": 669,
    "totalRevenue": 4683,
    "totalCost": 3479,
    "profit": 1204
  },
  {
    "id": 1265,
    "productId": 62,
    "productName": "Gentle Toner 1L",
    "category": "Skincare",
    "date": "2025-09-30",
    "unitsSold": 7,
    "costPrice": 624,
    "salePrice": 878,
    "totalRevenue": 6146,
    "totalCost": 4368,
    "profit": 1778
  },
  {
    "id": 1266,
    "productId": 186,
    "productName": "Anti-Dandruff Shampoo 1L",
    "category": "Haircare",
    "date": "2025-08-19",
    "unitsSold": 7,
    "costPrice": 945,
    "salePrice": 1199,
    "totalRevenue": 8393,
    "totalCost": 6615,
    "profit": 1778
  },
  {
    "id": 1267,
    "productId": 1,
    "productName": "Exfoliating Scrub 500ml",
    "category": "Skincare",
    "date": "2025-10-02",
    "unitsSold": 4,
    "costPrice": 181,
    "salePrice": 249,
    "totalRevenue": 996,
    "totalCost": 724,
    "profit": 272
  },
  {
    "id": 1268,
    "productId": 116,
    "productName": "Eyeshadow Palette 1L",
    "category": "Cosmetics",
    "date": "2025-08-29",
    "unitsSold": 1,
    "costPrice": 566,
    "salePrice": 807,
    "totalRevenue": 807,
    "totalCost": 566,
    "profit": 241
  },
  {
    "id": 1269,
    "productId": 173,
    "productName": "Color Protect Conditioner 1L",
    "category": "Haircare",
    "date": "2025-10-08",
    "unitsSold": 6,
    "costPrice": 924,
    "salePrice": 1191,
    "totalRevenue": 7146,
    "totalCost": 5544,
    "profit": 1602
  },
  {
    "id": 1270,
    "productId": 9,
    "productName": "Acne Control Gel 200ml",
    "category": "Skincare",
    "date": "2025-09-12",
    "unitsSold": 1,
    "costPrice": 227,
    "salePrice": 317,
    "totalRevenue": 317,
    "totalCost": 227,
    "profit": 90
  },
  {
    "id": 1271,
    "productId": 119,
    "productName": "Makeup Sponge 1L",
    "category": "Cosmetics",
    "date": "2025-08-08",
    "unitsSold": 3,
    "costPrice": 301,
    "salePrice": 427,
    "totalRevenue": 1281,
    "totalCost": 903,
    "profit": 378
  },
  {
    "id": 1272,
    "productId": 115,
    "productName": "Setting Spray 1L",
    "category": "Cosmetics",
    "date": "2025-10-30",
    "unitsSold": 9,
    "costPrice": 411,
    "salePrice": 595,
    "totalRevenue": 5355,
    "totalCost": 3699,
    "profit": 1656
  },
  {
    "id": 1273,
    "productId": 51,
    "productName": "Oil-Free Moisturizer 30ml",
    "category": "Skincare",
    "date": "2025-09-02",
    "unitsSold": 3,
    "costPrice": 387,
    "salePrice": 506,
    "totalRevenue": 1518,
    "totalCost": 1161,
    "profit": 357
  },
  {
    "id": 1274,
    "productId": 33,
    "productName": "Oil-Free Moisturizer 200ml",
    "category": "Skincare",
    "date": "2025-09-22",
    "unitsSold": 4,
    "costPrice": 285,
    "salePrice": 411,
    "totalRevenue": 1644,
    "totalCost": 1140,
    "profit": 504
  },
  {
    "id": 1275,
    "productId": 11,
    "productName": "Sunscreen SPF 50 250ml",
    "category": "Skincare",
    "date": "2025-08-26",
    "unitsSold": 7,
    "costPrice": 617,
    "salePrice": 788,
    "totalRevenue": 5516,
    "totalCost": 4319,
    "profit": 1197
  },
  {
    "id": 1276,
    "productId": 79,
    "productName": "Brightening Day Cream 1L",
    "category": "Skincare",
    "date": "2025-09-12",
    "unitsSold": 7,
    "costPrice": 531,
    "salePrice": 732,
    "totalRevenue": 5124,
    "totalCost": 3717,
    "profit": 1407
  },
  {
    "id": 1277,
    "productId": 139,
    "productName": "Matte Finish Lipstick 1L",
    "category": "Cosmetics",
    "date": "2025-09-14",
    "unitsSold": 3,
    "costPrice": 223,
    "salePrice": 327,
    "totalRevenue": 981,
    "totalCost": 669,
    "profit": 312
  },
  {
    "id": 1278,
    "productId": 134,
    "productName": "Foundation Liquid 50ml",
    "category": "Cosmetics",
    "date": "2025-09-29",
    "unitsSold": 10,
    "costPrice": 180,
    "salePrice": 237,
    "totalRevenue": 2370,
    "totalCost": 1800,
    "profit": 570
  },
  {
    "id": 1279,
    "productId": 26,
    "productName": "Under Eye Cream 1L",
    "category": "Skincare",
    "date": "2025-10-16",
    "unitsSold": 2,
    "costPrice": 178,
    "salePrice": 226,
    "totalRevenue": 452,
    "totalCost": 356,
    "profit": 96
  },
  {
    "id": 1280,
    "productId": 13,
    "productName": "Under Eye Cream 1L",
    "category": "Skincare",
    "date": "2025-08-14",
    "unitsSold": 5,
    "costPrice": 286,
    "salePrice": 405,
    "totalRevenue": 2025,
    "totalCost": 1430,
    "profit": 595
  },
  {
    "id": 1281,
    "productId": 125,
    "productName": "Kajal Pencil 100ml",
    "category": "Cosmetics",
    "date": "2025-10-07",
    "unitsSold": 9,
    "costPrice": 114,
    "salePrice": 155,
    "totalRevenue": 1395,
    "totalCost": 1026,
    "profit": 369
  },
  {
    "id": 1282,
    "productId": 177,
    "productName": "Volumizing Shampoo 50ml",
    "category": "Haircare",
    "date": "2025-09-06",
    "unitsSold": 3,
    "costPrice": 773,
    "salePrice": 982,
    "totalRevenue": 2946,
    "totalCost": 2319,
    "profit": 627
  },
  {
    "id": 1283,
    "productId": 118,
    "productName": "Contour Stick 250ml",
    "category": "Cosmetics",
    "date": "2025-09-29",
    "unitsSold": 5,
    "costPrice": 417,
    "salePrice": 623,
    "totalRevenue": 3115,
    "totalCost": 2085,
    "profit": 1030
  },
  {
    "id": 1284,
    "productId": 184,
    "productName": "Protein Hair Mask 250ml",
    "category": "Haircare",
    "date": "2025-10-02",
    "unitsSold": 5,
    "costPrice": 630,
    "salePrice": 876,
    "totalRevenue": 4380,
    "totalCost": 3150,
    "profit": 1230
  },
  {
    "id": 1285,
    "productId": 157,
    "productName": "Lip Gloss 50ml",
    "category": "Cosmetics",
    "date": "2025-10-10",
    "unitsSold": 8,
    "costPrice": 410,
    "salePrice": 585,
    "totalRevenue": 4680,
    "totalCost": 3280,
    "profit": 1400
  },
  {
    "id": 1286,
    "productId": 16,
    "productName": "Rose Water Toner 50ml",
    "category": "Skincare",
    "date": "2025-08-16",
    "unitsSold": 3,
    "costPrice": 734,
    "salePrice": 1012,
    "totalRevenue": 3036,
    "totalCost": 2202,
    "profit": 834
  },
  {
    "id": 1287,
    "productId": 52,
    "productName": "Under Eye Cream 200ml",
    "category": "Skincare",
    "date": "2025-09-27",
    "unitsSold": 3,
    "costPrice": 497,
    "salePrice": 669,
    "totalRevenue": 2007,
    "totalCost": 1491,
    "profit": 516
  },
  {
    "id": 1288,
    "productId": 143,
    "productName": "Foundation Liquid 50ml",
    "category": "Cosmetics",
    "date": "2025-09-22",
    "unitsSold": 3,
    "costPrice": 178,
    "salePrice": 261,
    "totalRevenue": 783,
    "totalCost": 534,
    "profit": 249
  },
  {
    "id": 1289,
    "productId": 105,
    "productName": "Lip Gloss 50ml",
    "category": "Cosmetics",
    "date": "2025-08-19",
    "unitsSold": 3,
    "costPrice": 331,
    "salePrice": 472,
    "totalRevenue": 1416,
    "totalCost": 993,
    "profit": 423
  },
  {
    "id": 1290,
    "productId": 36,
    "productName": "Brightening Day Cream 200ml",
    "category": "Skincare",
    "date": "2025-08-24",
    "unitsSold": 4,
    "costPrice": 811,
    "salePrice": 1032,
    "totalRevenue": 4128,
    "totalCost": 3244,
    "profit": 884
  },
  {
    "id": 1291,
    "productId": 139,
    "productName": "Matte Finish Lipstick 1L",
    "category": "Cosmetics",
    "date": "2025-09-24",
    "unitsSold": 10,
    "costPrice": 223,
    "salePrice": 327,
    "totalRevenue": 3270,
    "totalCost": 2230,
    "profit": 1040
  },
  {
    "id": 1292,
    "productId": 56,
    "productName": "Vitamin C Face Wash 1L",
    "category": "Skincare",
    "date": "2025-09-04",
    "unitsSold": 6,
    "costPrice": 749,
    "salePrice": 1005,
    "totalRevenue": 6030,
    "totalCost": 4494,
    "profit": 1536
  },
  {
    "id": 1293,
    "productId": 100,
    "productName": "Lip Liner 50ml",
    "category": "Cosmetics",
    "date": "2025-09-27",
    "unitsSold": 2,
    "costPrice": 193,
    "salePrice": 262,
    "totalRevenue": 524,
    "totalCost": 386,
    "profit": 138
  },
  {
    "id": 1294,
    "productId": 158,
    "productName": "Concealer Stick 250ml",
    "category": "Cosmetics",
    "date": "2025-10-07",
    "unitsSold": 6,
    "costPrice": 679,
    "salePrice": 938,
    "totalRevenue": 5628,
    "totalCost": 4074,
    "profit": 1554
  },
  {
    "id": 1295,
    "productId": 5,
    "productName": "Brightening Day Cream 500ml",
    "category": "Skincare",
    "date": "2025-08-18",
    "unitsSold": 7,
    "costPrice": 711,
    "salePrice": 962,
    "totalRevenue": 6734,
    "totalCost": 4977,
    "profit": 1757
  },
  {
    "id": 1296,
    "productId": 154,
    "productName": "Highlighter Palette 1L",
    "category": "Cosmetics",
    "date": "2025-09-16",
    "unitsSold": 2,
    "costPrice": 600,
    "salePrice": 828,
    "totalRevenue": 1656,
    "totalCost": 1200,
    "profit": 456
  },
  {
    "id": 1297,
    "productId": 38,
    "productName": "Acne Control Gel 500ml",
    "category": "Skincare",
    "date": "2025-09-15",
    "unitsSold": 3,
    "costPrice": 216,
    "salePrice": 312,
    "totalRevenue": 936,
    "totalCost": 648,
    "profit": 288
  },
  {
    "id": 1298,
    "productId": 25,
    "productName": "Peel Off Mask 200ml",
    "category": "Skincare",
    "date": "2025-08-24",
    "unitsSold": 5,
    "costPrice": 504,
    "salePrice": 670,
    "totalRevenue": 3350,
    "totalCost": 2520,
    "profit": 830
  },
  {
    "id": 1299,
    "productId": 94,
    "productName": "Brow Pencil 50ml",
    "category": "Cosmetics",
    "date": "2025-09-01",
    "unitsSold": 9,
    "costPrice": 670,
    "salePrice": 954,
    "totalRevenue": 8586,
    "totalCost": 6030,
    "profit": 2556
  },
  {
    "id": 1300,
    "productId": 184,
    "productName": "Protein Hair Mask 250ml",
    "category": "Haircare",
    "date": "2025-09-19",
    "unitsSold": 3,
    "costPrice": 630,
    "salePrice": 876,
    "totalRevenue": 2628,
    "totalCost": 1890,
    "profit": 738
  }
]